2967 4800
670 314 712 380 27

154 486 298 600 μίμνει
321 484 393 576 γὰρ
417 485 569 599 φοβερὰ
583 489 833 603 παλίνορτος

156 574 375 663 οἰκονόμος
398 575 515 645 δολία
536 575 699 665 μνάμων
720 583 837 668 μῆνις
858 577 1130 660 τεκνόποινος.

264 667 376 733 Nihilo
416 670 522 734 secius
559 672 761 753 Agamemno
801 671 856 734 illo
894 677 1039 754 portento
1077 672 1224 755 neglecto

157 766 291 823 amnne
328 759 532 841 imperatoris
565 778 688 823 munus
722 757 818 824 subit
866 757 1026 824 Omnibus
1059 758 1102 823 ad
1135 762 1226 824 navi·

156 846 305 930 gendum
328 847 448 930 paratis
469 883 514 894 —
537 846 623 932 apud
646 847 847 928 Aeschylum
869 856 907 912 ut
930 849 1015 932 apud
1045 847 1224 913 Homerum

159 935 275 1000 Graeci
297 935 414 999 semel
448 935 568 1001 Aulide
591 936 842 1020 proficiscuntur
864 971 906 984 ’-
941 938 1094 1002 caelestes
1128 938 1227 1002 altera

156 1024 291 1089 fortiore
313 1023 532 1089 admonitione
554 1027 701 1089 animum
728 1027 815 1108 regis
848 1031 983 1091 t.entarn
1030 1026 1115 1090 Nam
1149 1046 1227 1091 ven-

160 1114 204 1177 tis
236 1113 383 1177 adversis
417 1115 568 1178 continuo
600 1112 755 1178 flantibus
790 1112 924 1179 Calchas
965 1115 1022 1179 diu
1053 1123 1226 1180 cunctatus

158 1208 254 1267 atrox
287 1201 366 1267 illud
401 1202 580 1268 remedium
609 1202 732 1267 revelat
718 1200 817 1287 t(ct
849 1223 896 1267 vs
932 1204 1013 1270 188:
1048 1208 1225 1293 προφέρων

150 1279 305 1374 Ἄρτεμιν
327 1289 409 1377 oto).
455 1289 659 1374 Quamquam
683 1310 781 1356 saevo
810 1290 920 1357 dolore
944 1312 1117 1376 percussus
1139 1296 1227 1378 Aga·

160 1397 292 1443 memuo
313 1397 384 1443 rem
405 1379 658 1445 funestissimam
682 1380 829 1464 aggredit
830 1380 898 1465 url)
924 1383 1035 1465 itaque
1057 1382 1226 1466 Iphigenia

161 1468 320 1533 incertum
352 1487 434 1533 num
467 1488 526 1553 per
559 1467 699 1555 dolum2)
725 1470 879 1532 Aulidem
913 1472 1095 1538 arcessitur.
1141 1469 1227 1547 Quot

165 1555 279 1638 culpae
299 1557 483 1637 Aeschylus
505 1558 581 1621 huic
605 1557 762 1622 sacrificio
785 1556 938 1622 attribuat
972 1578 990 1622 e
1013 1560 1225 1644 descriptione

164 1646 234 1708 eius
262 1647 475 1728 cognoscitur,
513 1666 578 1729 qua
610 1649 731 1711 mirum
768 1653 927 1729 quantum
959 1666 1130 1712 movemur
1160 1651 1224 1733 (rs.

163 1734 230 1796 214
252 1734 320 1819 ιο).
368 1734 498 1799 Patrem
528 1735 703 1819 implorans
735 1740 768 1800 et
798 1736 910 1819 lingna
940 1737 1094 1820 impedita
1123 1739 1227 1802 oculis

161 1823 416 1887 misericordiam
439 1843 557 1927 rpgans
579 1826 671 1908 virgo
704 1824 837 1907 trepida,
869 1844 1026 1908 generosa
1058 1833 1167 1891 tamen
1190 1833 1228 1893 ut

161 1910 255 1976 decet
275 1910 373 1976 filiam
399 1914 519 1996 regiam
543 1931 641 1996 super
657 1933 745 1977 aram
761 1917 921 1979 tenetur..
943 1913 1006 1977 Sed
1025 1922 1226 1979 momentum

159 2001 278 2102 ipsum,
302 2020 366 2084 quo
388 2020 441 2066 res
463 2006 618 2107 patratur
640 2008 734 2085 poeta
758 2002 1015 2081 humanissimus
1045 2002 1139 2066 nobis
1171 2004 1228 2067 ob-

161 2088 240 2172 tegit
262 2088 313 2171 (ci.
336 2109 384 2153 vs
409 2089 492 2157 233:
527 2085 570 2154 τὰ
602 2050 630 2154 ‹l’
662 2087 763 2155 ἔνθεν
785 2082 852 2156 oar‘
879 2082 1027 2156 εἶδον”
991 2090 1057 2157 οιπ’
1080 2086 1227 2166 ἐννέπω).

161 2179 192 2241 A
216 2176 351 2243 Graecis
374 2185 481 2244 autem
497 2177 699 2263 Iphigeniam
721 2198 758 2243 re
781 2198 858 2243 vera
874 2197 999 2244 caesam
1015 2182 1130 2264 putari
1152 2200 1228 2245 con-

160 2265 270 2330 silium
294 2268 457 2350 poeticum
480 2273 550 2352 post
537 2267 659 2332 ttulaha
662 2317 669 2332 .
646 2265 698 2350 ιθ)

271 2354 309 2419 Id
331 2357 432 2441 igitur
453 2358 624 2441 praecipue
647 2355 687 2422 ab
712 2356 875 2436 Aeschylo
899 2364 1060 2423 mutatum
1091 2357 1229 2443 videtur,

160 2444 248 2527 quod
271 2446 370 2509 nihil
395 2446 441 2510 de
464 2465 583 2510 cerva
607 2448 821 2530 supposita
842 2446 960 2530 legitur
983 2457 1015 2511 et
1037 2454 1132 2512 antea
1151 2467 1231 2531 quo·

160 2551 226 2616 qua
265 2535 567 2617 Agamemnonis
612 2537 647 2598 in
693 2534 841 2598 venando
886 2535 1073 2618 superbia
1116 2537 1229 2619 plane

159 2622 312 2687 omissa
348 2629 417 2689 est
476 2622 584 2700 Quare
617 2623 805 2707 Iphigeniae
843 2622 1037 2688 sacrificium
1074 2644 1140 2688 non
1177 2635 1230 2689 est

159 2729 270 2793 poena
292 2710 333 2774 ob
356 2710 494 2777 Dianam
527 2712 657 2794 laesam,
687 2712 743 2777 sed
774 2732 793 2776 a
829 2715 965 2778 numine
995 2714 1157 2778 invidioso
1187 2714 1229 2778 ad

158 2800 307 2863 animum
330 2802 399 2865 eius
422 2802 602 2885 imperandi
631 2801 838 2884 bellandique
873 2803 1027 2885 cupidum
1060 2804 1228 2887 experien-

159 2888 240 2951 dum
264 2889 415 2973 exigitur.
461 2889 543 2954 Cum
566 2892 601 2953 in
624 2891 685 2953 hac
712 2892 890 2954 tentatione
925 2910 996 2955 sese
1018 2893 1227 2975 impotentem

158 2976 314 3060 ostendat,
341 2978 497 3044 inultam
532 2980 706 3062 pernicicm
737 2983 848 3061 raptus
883 2979 1023 3062 denique
1055 3000 1113 3064 per
1155 3000 1228 3064 pro-

158 3065 264 3148 priam
287 3086 422 3131 uxorem
445 3069 662 3132 taeterrimam
684 3075 820 3130 mortam
853 3070 1039 3151 perpetitur.
1086 3070 1228 3152 Apparet

158 3153 208 3217 sic
229 3154 372 3219 fabulam
409 3165 551 3221 nostram
587 3158 626 3221 ad
664 3157 853 3239 gravitatem
890 3175 925 3220 re
960 3175 1037 3220 vera
1070 3162 1224 3241 tragicam

158 3241 298 3393 gffictam
321 3263 401 3326 esse,
423 3264 466 3309 ex
490 3266 554 3330 qua
575 3246 623 3309 illi
647 3251 763 3310 cantus
778 3265 904 3329 semper
922 3243 1131 3330 admirandi4)
1154 3266 1226 3330 pro·

182 3332 299 3398 ierunt.

272 3420 630 3503 Clytaemnestram
653 3422 768 3486 ultoris
788 3429 895 3504 partes
912 3430 1132 3506 suscepturam
1156 3443 1227 3489 esse

157 3508 310 3590 pluribus
342 3510 422 3574 locis
453 3512 603 3595 inprimis
634 3532 684 3577 vs.
709 3512 771 3572 141
797 3530 845 3592 sq.
880 3530 974 3576 senes
1019 3513 1132 3594 Argivi
1164 3532 1227 3577 suc

159 3598 256 3661 modo
291 3605 503 3684 augurantur.
555 3598 647 3674 Quae
678 3600 730 3663 hic
764 3599 895 3663 demum
930 3600 999 3663 sola
1034 3607 1131 3683 atque
1166 3621 1226 3666 sna

270 3810 297 3875 l)
317 3809 470 3862 Admodum
490 3810 585 3863 acerbe
604 3826 644 3867 vs
657 3811 710 3866 lta
728 3810 830 3864 dictum
850 3815 1027 3879 estluna‘moc
1043 3811 1143 3879 τύχαισι
1160 3832 1185 3865 σι
1178 3836 1225 3882 ιρι-

157 3882 256 3932 πνέων.

266 3948 293 4016 2)
312 3949 382 4003 Huc
401 3948 488 4003 solum
507 3965 548 4004 rs
567 3950 656 4006 1489:
684 3951 722 4004 do
726 3951 800 4005 λίαν
871 3956 946 4006 rotie
922 3973 1015 4006 ικιινοο
1037 3952 1113 4022 ἔοικ’
1131 3956 1226 4010 referri

159 4021 256 4086 potest.
275 4019 314 4078 Cf
333 4019 485 4074 8ο1ιὸιιιοοο
505 4019 575 4075 Einl
596 4039 618 4077 z
638 4023 663 4078 d
682 4023 760 4076 Eum.
780 4024 828 4078 des
832 3977 945 4149 ἷΑοεοιι
964 4042 989 4094 p
1010 4025 1052 4081 12.

266 4090 351 4154 3le
372 4090 590 4162 eiiamCltoeph
609 4109 651 4154 va
670 4093 739 4149 239.
762 4102 804 4147 καὶ
849 4097 1025 4163 tancardum
1044 4111 1172 4163 amictos«)
1157 4119 1224 4166 ομο-

157 4155 261 4229 οπόροι
248 4162 370 4231 uitaque
388 4163 460 4232 apud
479 4163 642 4233 Aeschylum
661 4163 770 4218 Electra
788 4171 892 4222 tantum
911 4182 944 4220 cx
963 4167 1071 4222 filiabus
1089 4155 1182 4222 restat¹

265 4231 685 4306 ryot.1nprtmisvs.1crsq
705 4235 758 4290 205
777 4253 817 4307 sq.
837 4238 889 4293 235
906 4253 946 4308 sq.
