2967 4800
750 299 793 365 38

240 475 280 539 ab
301 474 459 559 Euripide
483 476 649 561 discrepat,
674 477 762 560 quod
785 477 897 541 militis
920 477 1011 541 chori
1033 478 1103 542 vice
1125 477 1306 562 funguntur

240 564 355 645 (1111.
379 564 452 650 111),
485 565 557 631 ideo
592 585 658 629 non
690 569 813 649 oportet
839 565 1004 650 Sophoclis
1038 566 1076 632 fr.
1105 567 1168 629 287
1197 565 1237 633 N.
1262 584 1305 613 -¹-

240 657 386 718 ceterum
411 654 573 719 senarium
597 673 728 719 versum
752 691 796 701 -
818 654 882 724 huc
905 656 997 719 trahi.

345 740 394 805 De
430 741 593 807 Pacuvii
628 741 780 824 Chryse
821 742 874 826 (cf.
909 742 1004 807 Ribb.
1042 764 1072 826 p.
1108 742 1240 808 86-90
1275 748 1307 808 et

241 829 410 915 ael-86)
444 831 618 895 admodum
649 832 683 895 in
718 832 854 913 caligine
877 851 1056 909 versamur,
1085 833 1233 915 quamvis
1255 834 1307 896 in-

240 921 373 1001 geniose
396 918 587 984 Welckerus
609 916 677 1004 (Cr.
700 920 750 983 Tr.
776 919 964 1005 lies-95)
989 940 1065 984 eum
1094 922 1241 1004 inprimis
1263 940 1307 985 ex

238 1006 371 1091 Hygino
400 1013 432 1071 et
466 1007 618 1091 operibus
652 1009 843 1094 anaglyphis
881 1011 1048 1074 restituere
1089 1015 1221 1074 cenatus
1257 1011 1305 1074 sit.

241 1095 331 1172 Quae
366 1115 408 1161 ex
436 1095 569 1180 Hygino
610 1099 674 1162 huc
708 1103 852 1182 spectare
881 1098 1085 1179 videbantur,
1117 1100 1181 1162 iam
1216 1119 1306 1163 nunc

238 1185 381 1251 breviter
415 1184 555 1251 efferam.
611 1186 760 1253 Traditur
793 1189 877 1252 enim
913 1185 988 1270 (tab.
1014 1187 1086 1249 120.
1112 1187 1190 1269 121)
1218 1186 1307 1269 Iphi-

240 1277 369 1357 geniam
393 1275 484 1353 signo
507 1275 563 1339 illc
587 1273 723 1339 Taurico
748 1275 872 1340 sublato
896 1295 970 1340 cum
994 1274 1106 1339 Oreste
1129 1280 1161 1339 et
1183 1275 1306 1356 Pylade

242 1364 299 1445 „ad
323 1362 464 1426 insulam
486 1362 659 1428 Zminthen
682 1364 720 1427 ad
746 1363 891 1445 Chrysen
915 1365 1111 1429 sacerdotem
1124 1364 1305 1448 1111111111(ς

242 1452 379 1516 delatam
404 1469 484 1533 esse,
508 1453 603 1516 cuius
625 1452 856 1533 filiaOhryseis
880 1453 955 1517 olim
980 1453 1020 1517 ab
1032 1454 1182 1536 Apolline
1206 1452 1307 1536 Chry-

242 1559 297 1603 sen
323 1545 471 1622 nepotem
506 1546 679 1625 pepererat.
725 1540 809 1605 Cum
832 1541 970 1621 Chryses
1005 1543 1112 1605 senior
1145 1541 1306 1622 fugientes

240 1629 305 1691 iam
320 1627 455 1693 Thoanti
472 1629 597 1693 tradere
620 1630 725 1712 vellet,
736 1629 906 1712 „Chryseis
929 1629 1040 1710 audiit,
1063 1649 1118 1694 ees
1133 1631 1306 1712 Agamem-

240 1718 335 1780 nonis
358 1715 442 1782 filios
466 1736 545 1800 esse,
568 1717 680 1809 quael)
699 1717 816 1799 Chrysi
837 1718 904 1782 filie
928 1737 997 1800 sue,
1021 1718 1101 1800 quid
1124 1719 1191 1781 veri
1215 1724 1307 1798 esset,

243 1803 430 1891 patefacite
461 1825 516 1871 eos
548 1806 663 1873 fratres
697 1826 769 1871 esse
807 1812 841 1870 et
875 1805 1020 1887 Chrysen
1054 1808 1307 1890 Agamemnonis

242 1893 345 1959 filium
368 1913 448 1960 esse.
493 1895 573 1959 Tum
598 1895 736 1977 Chryses
759 1896 945 1977 recognita
978 1914 1052 1960 cum
1077 1893 1189 1959 Oreste
1210 1894 1307 1960 fratre

242 1983 418 2047 Thoantem
441 1983 599 2047 interfecit
621 1989 653 2048 et
674 1984 751 2048 inde
773 1984 928 2066 Mycenas
961 2003 1035 2048 cum
1069 1985 1163 2067 signo
1187 1981 1308 2047 Dianae

241 2072 420 2136 incolumes
440 2074 684 2155 pervenerunt.“
730 2071 815 2148 Quid
830 2072 995 2156 Sophoclis
1019 2073 1181 2156 tragoedia
1197 2071 1307 2153 ,Chry-

244 2160 306 2224 ses‘
330 2162 484 2244 inscripta
507 2181 582 2225 cum
605 2163 665 2224 hac
692 2165 843 2226 contexta
871 2163 1056 2226 narratione
1083 2167 1209 2245 praeter
1231 2163 1308 2225 titu-

243 2249 311 2313 lum
337 2269 508 2313 commune
530 2250 688 2328 habuerit,
720 2252 854 2314 minime
884 2252 1035 2316 extricari
1058 2255 1168 2334 petest.
1214 2250 1308 2314 Terte

243 2339 279 2401 in
311 2338 368 2403 illa
400 2338 482 2402 nihil
512 2340 578 2404 nisi
610 2338 753 2423 Chryses
776 2339 968 2404 Homericus
1002 2345 1035 2404 et
1057 2342 1309 2424 Agamemnonis

245 2427 398 2510 superbia
422 2434 646 2512 argumentum
670 2430 827 2513 praebuit,
851 2431 1038 2512 praesertim
1056 2449 1130 2493 cum
1147 2448 1217 2493 eam
1235 2434 1309 2492 ante

245 2536 367 2582 annum
391 2517 454 2579 415
480 2522 588 2581 actum
612 2537 681 2583 esse
705 2514 871 2602 sciamus3)
894 2523 926 2581 et
947 2524 984 2581 ut
1008 2519 1093 2602 apud
1108 2518 1309 2597 Aeschylum

244 2607 289 2668 ita
318 2606 404 2691 apud
428 2604 615 2689 Sophoclem
649 2608 782 2671 omnino
816 2607 969 2670 nullum
1003 2607 1176 2689 vestigium
1213 2625 1310 2689 expe-

246 2694 376 2757 ditionis
395 2693 551 2758 Tauricae
574 2701 688 2761 exstet.

352 2782 404 2845 Hx
420 2782 581 2847 Welcheri
604 2790 636 2847 et
650 2783 819 2847 Ribbechii
843 2783 1032 2846 coniecturis
1056 2783 1162 2846 selum
1178 2782 1312 2846 Pacuvii

245 2871 283 2935 fr.
294 2870 377 2934 XIV
392 2867 547 2955 („Inveni,
565 2874 669 2955 opino,
679 2871 809 2936 Orestes
825 2878 897 2936 uter
913 2877 997 2936 esset
1011 2871 1164 2958 tamen.“)
1184 2872 1311 2935 Certum

247 2979 357 3023 ansam
391 2959 531 3042 praebet.
579 2960 644 3024 Ubi
677 2960 835 3047 Robertr)
866 2962 1023 3025 sententia
1056 2961 1168 3043 placet,
1202 2978 1309 3042 regem
1413 2994 1416 3000 ·

246 3046 368 3133 illumi)
390 3050 648 3132 investigantem,
673 3062 743 3114 uter
766 3049 894 3114 Orestes
917 3051 959 3112 sit
981 3049 1082 3112 multo
1106 3049 1310 3112 verisimilius

249 3136 394 3220 Chrysen
418 3139 487 3200 sive
509 3158 606 3202 avum
630 3140 699 3202 sive
721 3144 870 3223 nepotem
887 3137 1112 3220 appellandum
1127 3156 1198 3201 esse
1215 3157 1311 3220 quam

247 3226 436 3304 Thoantem3
471 3226 560 3291 illius
594 3228 680 3291 enim
715 3246 751 3291 re
786 3246 861 3290 vera
894 3227 1048 3289 interesse
1082 3231 1204 3308 poterat
1238 3245 1312 3289 con-

249 3317 463 3398 sanguineum
487 3334 585 3379 suum
608 3316 771 3380 sciscitari.
818 3315 879 3379 Sed
896 3314 1004 3377 omnia
1020 3319 1124 3377 cetera
1139 3315 1178 3379 de
1192 3314 1312 3395 Chryse

249 3402 386 3467 Pacuvii
401 3403 496 3486 plane
515 3406 639 3468 incerta
659 3423 788 3467 manere
809 3401 980 3482 debebunt,
1005 3406 1157 3485 quoniam
1181 3405 1314 3467 minime

249 3497 383 3575 constat,
412 3497 572 3574 quatenus
606 3492 758 3576 Hyginus
781 3511 823 3556 ex
856 3493 917 3554 hoc
950 3497 1043 3575 poeta
1065 3492 1220 3558 hauserit.
1265 3489 1314 3554 De

249 3581 417 3664 Iphigenia
456 3581 630 3646 admodum
666 3580 864 3662 dubiumest,
900 3600 979 3644 num
1013 3582 1144 3645 omnine
1181 3582 1215 3643 in
1253 3581 1313 3644 hcc

248 3720 460 3732 ----

358 3789 383 3858 1)
402 3787 448 3843 Sic
476 3788 549 3841 enim
578 3804 639 3841 cum
667 3789 798 3843 Koechlic
826 3807 852 3858 p.
881 3791 916 3843 34
946 3790 1020 3843 hunc
1040 3788 1198 3857 impeditum
1225 3788 1314 3841 locum

250 3859 424 3914 scribendum
453 3862 527 3928 puto,
556 3860 635 3914 cuius
664 3860 833 3915 coniecturae
861 3862 942 3916 etiam
971 3860 1054 3915 verba
1072 3859 1211 3928 sequentia
1229 3858 1314 3914 multo

254 3930 366 3986 clariora
386 3931 510 3985 reddunt.

355 4002 372 4054 2
402 4001 500 4055 Adhuc
520 4001 652 4053 creditum
672 4002 737 4069 erat,
757 4016 819 4054 eum
837 4000 920 4054 filium
941 4001 1076 4071 Apollinis
1095 4015 1165 4055 esse.

356 4074 372 4126 3
403 4071 441 4128 Cf.
461 4071 699 4125 Wilamowitaium
719 4071 737 4129 l.
756 4088 779 4126 c.

356 4150 372 4201 4
400 4142 481 4197 Arch.
502 4142 542 4197 Zt.
561 4142 674 4196 XXXII
694 4142 782 4210 134,3.

357 4218 383 4284 5)
403 4212 442 4272 Cf.
462 4211 517 4269 Cic.
537 4212 608 4268 Lael.
629 4213 682 4268 VH
700 4214 744 4268 24.
