2967 4800
674 298 717 363 43

272 477 303 542 4.
327 474 488 541 Lustratio
521 477 556 539 in
587 495 714 561 gemma
747 476 863 542 Overb.
899 476 1045 541 xxxo
1073 497 1226 561 expressa

153 564 298 629 videtur.

273 652 347 719 VII.
372 652 461 736 Fuga
484 655 554 737 ipsa
576 652 700 738 duplici
722 657 846 720 ratione
870 655 1055 721 exhibetur:

275 742 305 809 1.
329 741 379 806 Ita
402 749 439 806 ιιι
460 741 576 806 Graeci
598 763 713 807 narem
730 746 938 808 ascendentes
961 750 993 809 et
1015 746 1130 808 acriter
1144 764 1226 827 pug-

156 836 279 895 nantes
314 839 487 915 appareant
522 830 561 896 αι.
596 830 710 896 Overb.
745 831 845 896 XXX
883 834 956 900 1.2
992 838 1023 897 οι
1045 832 1227 917 Vorlegebl
1265 826 1268 839 '

155 922 213 1003 13,
226 921 256 1002 2,
278 920 371 984 tertio
397 938 523 1003 semper
544 921 627 985 loeo.

271 1011 301 1072 2.
325 1006 401 1072 Sine
423 1010 536 1093 proelii
558 1011 708 1092 vestigio:

294 1100 327 1177 a)
351 1096 390 1161 In
426 1098 556 1161 vasculo
586 1097 747 1183 capuano,
781 1099 887 1164 solum
920 1118 962 1163 ex
996 1098 1138 1181 Helbigii
1171 1098 1228 1161 de·

375 1187 547 1269 scriptione
569 1186 607 1251 B.
632 1189 663 1251 d.
686 1187 712 1250 Ι.
739 1189 825 1251 1868
848 1189 967 1271 p.139
991 1193 1077 1252 noto.

294 1274 328 1361 b)
350 1275 391 1338 In
414 1275 558 1339 aedicula
579 1275 812 1341 Bonnensi-
771 1304 812 1313 -
834 1276 967 1340 Jahrbb.
990 1277 1047 1341 des
1061 1274 1227 1339 Rheiul.L

374 1362 440 1427 Tai
463 1363 522 1427 ΠΙ.
568 1364 634 1429 Ubi
654 1363 826 1449 Iphigenia
853 1368 1017 1449 utrimque
1051 1364 1091 1428 ab
1114 1365 1226 1428 amicis

373 1453 570 1517 circumdata
591 1454 631 1518 ad
655 1474 772 1518 narem
794 1454 992 1538 progeditur

267 1537 321 1602 Ex
343 1540 404 1604 hac
427 1544 593 1606 communi
616 1544 721 1626 specie
745 1544 863 1626 aliquis
886 1562 1031 1607 conexus
1054 1545 1139 1606 inter
1162 1547 1228 1605 aet

156 1627 179 1691 b
203 1629 261 1691 vix
283 1629 436 1693 concludi
457 1633 580 1713 poterit.

271 1789 324 1852 Ad
346 1789 527 1853 litteras
550 1791 655 1857 redeo.
703 1791 901 1942 Intellitgitur
922 1792 957 1853 in
979 1792 1029 1872 iis,
1040 1809 1124 1873 quae
1140 1808 1228 1852 nunc

159 1874 354 1980 sequuntur,
387 1880 498 1941 minus
533 1879 572 1944 de
603 1880 712 1943 fabula
746 1886 819 1944 nost
819 1900 856 1943 ra
895 1878 1064 1942 artificiose
1097 1878 1228 1942 exculta

159 1968 213 2047 agi
245 1986 354 2049 quam,
377 1968 490 2050 quales
519 1969 641 2032 vicissit
628 1969 759 2033 tudines
784 1969 918 2032 dirersis
951 1965 1153 2049 temporibus
1177 1986 1231 2029 su-

160 2053 269 2134 bierit;
294 2060 435 2120 attamen
458 2056 489 2119 id
514 2076 646 2140 quoque
669 2056 709 2120 ad
732 2059 831 2120 vitam
855 2058 925 2120 eius
946 2056 1095 2140 pertinet

273 2141 346 2207 Non
372 2146 533 2209 omiserim
552 2145 688 2209 aSuida
707 2165 732 2210 s.
749 2166 780 2210 ι
797 2137 970 2254 Ἰφιγένεια
989 2142 1228 2222 Pherecydis

161 2230 267 2294 Lerii
291 2250 372 2316 opus
388 2233 550 2316 quoddam
567 2231 655 2320 ,περὶ
671 2226 867 2322 Ἰφιγενείηςι
882 2234 1074 2316 inscriptum
1090 2250 1229 2295 comme·

164 2320 293 2383 morari
337 2321 442 2387 Valde
474 2323 660 2404 dolendum,
692 2324 774 2386 nihil
808 2342 850 2387 ex
885 2342 922 2386 eo
958 2328 1120 2385 servatum
1148 2338 1228 2385 esse.

163 2406 247 2471 Nam
272 2414 386 2475 certe
376 2413 433 2477 rlle
457 2421 532 2476 auct
533 2431 570 2475 or
591 2412 839 2496 antiquitatibus
862 2414 978 2475 Atticis
1002 2412 1168 2475 studiosus
1183 2410 1230 2472 ibi

162 2496 251 2561 haud
278 2501 412 2565 minime
445 2500 660 2565 Brauroniam
693 2502 932 2585 religionemt
919 2502 1078 2563 tractavit.
1135 2498 1231 2562 Forte

162 2585 215 2649 hic
237 2589 410 2671 peculiaris
444 2597 492 2655 est
480 2590 639 2654 ttitulus
673 2609 715 2654 ex
750 2591 857 2672 aliquo
893 2590 1013 2652 maiore
1042 2607 1136 2671 opere
1160 2589 1231 2651 eius

161 2675 364 2759 desumptus.
368 2676 395 2763 1)

275 2766 325 2828 De
348 2771 450 2830 aetate
473 2768 710 2832 Simonidis
734 2766 925 2875 Carqstii,
948 2767 1041 2870 quit
1028 2770 1109 2828 teste
1132 2763 1233 2827 Suida

163 2871 190 2917 s.
203 2873 233 2919 v.
246 2849 411 2931 ἐποποιός
433 2854 494 2920 fuit
516 2858 773 2963 composuitque:
805 2879 863 2960 την
885 2879 918 2931 ις
940 2846 1076 2919 Αίλίόα
1099 2849 1234 2917 σύνοδον

164 2942 230 3005 τῶν
259 2934 405 3024 Ἀχαιῶν,
441 2944 621 3033 τριμέτρων
650 2940 769 3029 βιβλία
799 2939 842 3026 β,
874 2940 953 3026 περὶ
981 2934 1234 3029 ιιγιγενεέηςὲν,

164 3031 246 3093 nihil
269 3040 401 3097 censat
448 3033 542 3100 Sed'
532 3055 596 3099 ram
621 3053 673 3098 res
697 3036 789 3117 epica
817 3032 959 3095 trimetro
984 3030 1133 3093 videlicet
1120 3031 1234 3091 tiam-

165 3118 273 3183 bicot
261 3125 392 3185 tractata
416 3123 456 3186 ad
480 3124 816 3207 posterioraterupora
832 3127 998 3184 monstrat.
1045 3118 1233 3184 Admodum

165 3209 352 3271 verisimilis
386 3218 435 3276 est
421 3212 662 3278 tBernhardii
698 3209 1018 3289 coniecturalium
1052 3211 1236 3269 extremum

163 3296 297 3359 titulum
339 3316 415 3362 cum
458 3304 602 3366 carmine
640 3301 814 3366 Aulideusi
853 3295 1116 3380 coniungendum
1157 3311 1237 3356 esse

166 3383 259 3448 Certe
282 3384 357 3448 hinc
385 3406 516 3470 quoque
540 3390 581 3453 ad
612 3397 761 3456 nostram
798 3389 1018 3474 quaestionem
1049 3382 1152 3445 multa
1175 3381 1240 3442 dis·

166 3493 322 3555 ceremus,
345 3478 533 3557 praesertim
557 3498 634 3545 cum
661 3479 850 3545 Simonides
869 3475 1021 3539 Euboeae
1044 3470 1148 3534 incola
1172 3469 1241 3532 siue

168 3563 266 3625 dubio
289 3564 407 3627 multas
430 3564 557 3629 fabulas
582 3570 783 3635 domesticas
807 3564 987 3651 protulerit

277 3649 325 3716 De
347 3650 465 3718 Rhint
469 3654 573 3718 hone
596 3657 720 3723 Pollux
745 3656 814 3721 VII
838 3654 879 3717 61
905 3655 984 3716 haec
1007 3648 1117 3713 tradit.

379 3739 413 3806 ἕν
436 3737 609 3822 Ρίνθιονος
635 3744 806 3853 Ἰφιγενείᾳ
831 3745 884 3848 τῇ
892 3738 927 3806 ἐν
951 3735 1098 3822 Ταέροις

375 3827 484 3912 ἔχωσα
507 3828 629 3897 καινὰν
651 3824 886 3940 φαινύλανκᾶ
888 3825 1035 3914 ιιαρτίιο.

163 3984 168 3993 ,
271 3915 427 4001 Idemque
449 3920 513 3984 VII
530 3922 572 3984 90
589 3919 726 3987 Ρίιθιον
750 3921 786 3987 δὲ
810 3916 1002 4027 (μέμνηται)
1025 3909 1242 4026 Κολοιγιονίου

167 4024 202 4067 τε
236 4003 290 4069 καὶ
319 4003 455 4074 καλιέοι·
489 4007 547 4074 καὶ
581 4032 677 4094 ογιου
711 4007 746 4074 ἐν
768 4003 942 4098 Ηιφιγενειᾳ
979 4007 1018 4094 aa}
1046 4003 1080 4070 ἐν
1102 3996 1241 4070 Altior

272 4144 299 4214 1)
318 4147 483 4216 Cogitareris
511 4149 545 4202 de
572 4147 651 4203 libris
670 4149 772 4272 decom
802 4147 976 4202 historiarum
1005 4147 1039 4204 οι
1065 4144 1136 4199 FHG
1156 4144 1170 4198 I
1190 4148 1238 4202 70

163 4212 256 4284 Ἱστορέ
254 4237 280 4268 ιιι
299 4218 438 4290 (θιαγοιέιι
466 4217 534 4275 αὐτο
519 4217 640 4286 οχθύνει,
689 4219 831 4290 εαᾹιιγιά).
