2967 4800
674 319 717 385 35

153 504 374 564 taemnestrae
390 497 518 562 obviam
533 497 571 561 fit
593 504 625 562 et
644 494 836 582 imprudens
858 498 989 563 futurus
1013 519 1104 566 socer
1123 504 1230 587 appel·

154 589 256 654 latur.
318 586 454 652 Mutuus
489 589 655 671 utrimque
689 593 801 671 stupor
839 588 880 651 ob
916 588 980 651 deli
1014 589 1229 671 ignorantiam

156 684 250 741 ortus
274 695 332 760 per
353 695 484 741 servum
509 695 618 740 senem
642 676 775 759 tollitur,
804 678 860 759 qui
884 694 961 740 rere
984 679 1117 742 consilio
1140 676 1227 764 Aga·

156 766 343 830 memnonis
374 764 516 829 revelato
549 765 771 829 vehementem
808 766 1063 848 indignationem
1098 770 1225 834 excitat.

158 854 305 919 Achilles
339 853 467 918 feminis
501 853 754 918 lamentantibus
788 856 952 936 premittit,
987 873 1021 918 se
1055 856 1087 918 id
1123 858 1228 923 scelus

158 943 392 1027 impediturum
427 960 505 1025 esse,
540 942 597 1006 sed
631 943 726 1027 paulo
762 947 834 1025 post
870 945 1015 1025 nuntiat,
1049 948 1226 1010 exercitum

156 1051 291 1096 summo
313 1031 422 1095 furore
443 1032 622 1096 litationem
650 1036 817 1114 expetere3
850 1032 1063 1097 nihilominus
1087 1053 1121 1098 se
1144 1040 1227 1100 tute·

157 1121 223 1184 lam
247 1121 395 1204 virginis,
419 1121 498 1184 dum
521 1121 629 1203 spiret,
652 1139 719 1183 nen
743 1120 942 1183 omissurum
966 1139 1044 1187 esse.

270 1208 458 1291 Permagna
511 1210 640 1272 interim
685 1210 719 1272 in
758 1207 946 1291 Iphigeniae
999 1211 1106 1273 anImo
1141 1230 1226 1274 eom-

158 1299 305 1361 mutatio.
351 1296 435 1362 Nam
469 1297 609 1361 Achillis
644 1298 788 1360 oratione
823 1297 933 1361 audita
978 1304 1109 1382 repente
1153 1319 1227 1383 pre·

157 1387 305 1469 graditur
328 1393 360 1450 et
382 1386 561 1470 pollicetur,
595 1405 630 1449 se
659 1386 797 1450 libenter
820 1386 977 1450 sacerdoti
999 1392 1126 1470 praesto
1148 1389 1225 1452 fore.

157 1474 224 1539 Hic
240 1478 382 1559 primum
399 1494 469 1539 eam
486 1476 519 1538 in
543 1475 648 1538 lucem
671 1474 842 1558 procedere
860 1474 1019 1539 videmus.
1053 1477 1227 1541 Veteribus

157 1565 277 1628 criticis
311 1564 385 1628 tulis
419 1566 519 1627 animi
561 1564 656 1627 elatio
689 1564 787 1627 nimis
821 1582 1003 1647 repugnare
1039 1566 1109 1629 risa
1143 1563 1225 1647 est.1)

159 1652 338 1717 Schillerus
374 1658 486 1716 eontra
513 1654 546 1715 in
573 1653 630 1715 hac
653 1651 831 1715 fabula-
855 1652 934 1716 alias
957 1653 1045 1716 haud
1068 1673 1133 1718 uno
1157 1655 1226 1719 loco

158 1740 375 1825 vituperanda
398 1779 442 1788 —
464 1740 651 1824 Iphigeniae
672 1742 876 1825 potissimum
899 1761 1069 1824 personam
1093 1743 1227 1825 pulchre

158 1838 191 1893 et
226 1828 407 1894 amabiliter
437 1832 651 1913 excogitatam
674 1829 821 1913 putabat:
856 1829 939 1892 hanc
972 1829 1170 1896 infirmitatis
1194 1840 1226 1896 et

157 1918 294 2001 roboris,
328 1920 429 1981 animi
461 1920 560 2000 anxii,
595 1937 672 1981 mox
696 1917 863 1980 fortissimi
886 1919 1147 1983 coniunctionem
1170 1940 1225 1984 re·

158 2014 288 2071 nustam
312 2007 475 2091 quandam
512 2012 646 2070 naturae
674 2007 849 2090 imaginem
872 2006 1034 2088 praebere.
1078 2008 1226 2091 Itemque

162 2094 242 2158 Ged.
264 2095 475 2161 Hermannus
509 2095 605 2179 praef.
639 2095 680 2158 ad
702 2094 727 2159 Ι.
751 2094 826 2157 Aul.
848 2114 879 2177 p.
904 2093 988 2158 VIII
1022 2101 1141 2181 optime
1174 2098 1225 2160 in·

163 2190 294 2248 rentum
329 2191 446 2266 censet,
481 2185 567 2268 quod
592 2185 691 2266 virgo,
722 2202 823 2266 „quae
846 2201 888 2246 ex
917 2184 1109 2249 domesticae
1140 2186 1225 2250 vitae

165 2271 277 2337 umbra
298 2275 334 2337 in
358 2278 553 2338 castrensem
576 2273 617 2336 ad
641 2272 817 2336 conubium
846 2290 920 2334 eum
943 2275 1054 2357 ignoto
1077 2275 1147 2338 viro
1171 2276 1227 2339 ad-

165 2360 258 2426 ducta
279 2363 354 2441 esd,
378 2363 472 2427 modo
496 2361 608 2426 timida
631 2369 664 2427 et
686 2361 793 2426 mollis
817 2363 1030 2445 conspicitur3
1056 2368 1226 2447 postquam

163 2457 270 2516 autem
304 2454 336 2515 iu
373 2453 592 2516 atrocissimae
625 2452 739 2514 mortis
763 2451 986 2514 necessitatem
1009 2453 1155 2516 oenieeta
1177 2456 1227 2530 sit,

160 2557 231 2603 eam
253 2541 377 2606 fortiter
399 2542 562 2626 suscipiat.
608 2539 650 2603 ht
673 2545 758 2603 certe
781 2537 953 2621 Euripides
976 2539 1028 2603 hic
1051 2540 1107 2603 tali
1130 2542 1227 2606 laude

162 2627 282 2710 dignus
305 2636 360 2694 est

280 2718 415 2783 Achilles
430 2718 693 2801 magnanimitate
708 2717 895 2801 Iphigeniae
911 2722 1024 2800 eaptus
1043 2736 1114 2782 eam
1131 2717 1226 2783 rehe-

160 2814 289 2869 menter
310 2826 443 2872 urorem
468 2808 602 2890 expetit3
627 2806 806 2870 constantia
821 2805 946 2888 puellae
969 2807 1102 2870 minime
1125 2806 1227 2871 fracta

161 2912 232 2958 sese
266 2914 341 2959 cum
364 2897 462 2960 armis
485 2895 524 2958 ad
547 2914 635 2958 aram
659 2894 756 2957 affore
778 2894 956 2975 pollicetur,
990 2895 1018 2957 si
1052 2894 1134 2959 forte
1157 2897 1226 2958 ani-

161 3001 251 3046 mum
275 2991 385 3049 mutet.
432 2984 493 3047 Illa
517 2988 636 3065 autem,
658 2982 715 3046 ubi
738 2986 872 3045 matrem
896 2983 1029 3065 rogarit,
1052 3001 1094 3046 ne
1115 2982 1226 3065 lugeat

162 3090 228 3135 neu
247 3081 382 3137 mortem
405 3092 498 3137 suam
520 3071 704 3152 ulciscatur,
728 3076 859 3135 strenue
882 3070 923 3132 ad
938 3069 1130 3134 sacrificium
1148 3070 1223 3137 abit.

270 3161 379 3225 Huius
414 3162 596 3245 tragoediae
629 3160 726 3224 finem
755 3159 872 3223 iudea
896 3179 940 3222 rs
967 3158 1061 3239 1532,
1096 3158 1224 3242 qualem

161 3268 249 3313 nunc
282 3250 446 3330 habemus,
481 3269 546 3313 nou
580 3249 619 3313 ab
655 3248 811 3331 Euripide
844 3249 1020 3332 prefectum
1048 3266 1126 3331 ease,
1159 3247 1224 3312 iam

160 3337 283 3421 pridem
308 3338 505 3404 intellectum
536 3343 594 3403 est.
640 3337 692 3400 Ex
728 3337 840 3402 multis
874 3338 1108 3420 discrepantiis,
1142 3356 1223 3418 quas

159 3427 223 3488 riri
246 3427 332 3490 docti
355 3428 598 3511 indagaverunt,
621 3446 658 3491 ea
676 3427 849 3490 fortissima
864 3427 1001 3506 videtur,
1024 3425 1110 3509 qued
1126 3426 1223 3492 iuter·

160 3515 284 3598 polator
306 3514 484 3597 „Achillem
509 3565 516 3579 .
543 3565 550 3580 .
575 3565 608 3580 ..
634 3515 863 3599 ,Iphigeniam
890 3534 956 3578 non
980 3514 1222 3581 interficientem

163 3602 305 3685 quidem,
339 3605 395 3668 sed
431 3612 538 3668 tamen
569 3605 602 3668 in
628 3603 784 3669 sacrificio
807 3622 913 3667 sacras
936 3606 1146 3668 caerimonias
1170 3606 1224 3670 ob·

161 3698 291 3755 euntem
308 3694 400 3758 fecit“
416 3693 470 3774 (G.
487 3692 698 3759 Hermannus
713 3691 810 3778 prael.
827 3692 867 3755 ad
882 3692 908 3756 Ι.
921 3692 995 3756 Aul.
1009 3713 1039 3776 p.
1049 3691 1224 3777 XXVHI).

161 3776 329 3863 Delemna,
364 3783 452 3866 qued
488 3790 624 3848 venusta
654 3784 759 3867 imago
781 3782 880 3845 huius
903 3780 1032 3846 iuvenis
1055 3784 1134 3848 adeo
1158 3790 1225 3848 tur-

161 3866 236 3932 bata
271 3879 326 3935 est
373 3871 544 3956 Iphigenia
579 3873 709 3955 quidem
740 3874 773 3935 in
803 3870 862 3933 hac
896 3873 1102 3954 suppositicia
1136 3883 1227 3955 parte

258 4097 284 4164 l)
303 4098 341 4154 Cf.
362 4100 470 4155 Arislol.
499 4098 574 4156 Poet·
601 4116 658 4168 cap.
686 4097 766 4155 xlv:
793 4099 848 4156 ἔστι
870 4099 898 4153 di
916 4098 1079 4172 παράδειγμα
1098 4148 1105 4160 .
1126 4147 1131 4159 .
1152 4144 1160 4159 .
1178 4100 1229 4157 τοῦ

162 4164 304 4248 ᾆιίιηιάὶοι·
334 4169 349 4238 ἧ
373 4179 403 4225 ἐν
421 4170 514 4226 Altada
541 4171 679 4245 Ἰφιγένεια,
707 4169 784 4227 oridia·
810 4173 861 4243 γὰρ
887 4170 968 4226 ἔοικεν
993 4171 1006 4240 'i
1024 4171 1175 4232 {sereniorem
1194 4173 1230 4244 τῇ

160 4245 265 4308 νοτέρᾳ,

1011 4345 1048 4400 3*
