2967 4800
682 316 725 381 33

160 502 221 559 tur
253 498 285 556 et
316 511 406 556 nunc
435 511 506 556 sese
538 493 738 558 advenarum
772 494 948 559 infelicium
979 495 1044 557 iam
1078 513 1143 557 non
1176 494 1233 556 nri·

161 600 274 649 serere
313 581 463 645 declarat.
520 580 688 645 Interdum
724 581 887 648 bubulcus
927 602 1027 646 cursu
1061 600 1233 666 aggressus

163 676 286 750 narrat,
310 670 390 733 duos
414 669 553 734 Graecos
576 672 609 732 in
639 671 731 735 litore
764 674 961 756 apparuisse,
994 690 1132 754 quorum
1155 670 1234 732 alte-

161 780 240 825 rum
263 758 372 822 furore
407 759 606 821 stimulatum
643 760 742 824 bores
776 762 884 843 gladio
919 761 1029 824 stricto
1063 759 1230 842 petivisse3

161 847 320 913 manibus
343 847 468 911 collatis
490 848 630 930 hospites
654 850 734 911 miro
759 850 855 913 modo
877 849 1056 913 incolumes
1080 848 1137 909 vix
1160 852 1231 908 tan-

161 938 238 1001 dem
265 943 374 1019 captos
397 955 476 1000 esse.
525 934 612 1011 Quos
634 938 721 1019 ipsos
745 939 841 1021 paulo
864 943 935 1021 post
965 937 1121 1000 adductos
1144 933 1232 1018 Iphi·

160 1027 262 1110 genia
284 1025 426 1088 vinculis
453 1023 569 1089 liberat
592 1030 623 1088 et
646 1025 685 1088 de
710 1024 888 1090 Graeorum
923 1024 1062 1088 ducibus
1092 1023 1232 1104 fatisque

161 1115 283 1178 domus
298 1114 574 1196 Agamemnoniae
598 1114 787 1180 sciscitatur.
835 1114 948 1193 Audit,
972 1133 1006 1178 se
1029 1112 1114 1195 apud
1135 1110 1233 1173 Grae·

161 1223 219 1268 cos
254 1208 414 1265 mortuam
447 1200 626 1284 perhiberi,
670 1200 816 1265 Orestem
860 1208 969 1266 autem
1003 1203 1115 1264 rivum
1150 1215 1229 1262 esse.

160 1291 260 1357 Nora
281 1291 357 1353 inde
380 1308 436 1374 spe
460 1309 596 1354 accensa
617 1290 709 1353 fratri
732 1310 792 1354 suo
817 1310 874 1373 per
897 1292 1088 1355 alterutrum
1111 1288 1232 1371 epistu-

160 1383 228 1444 lam
252 1380 392 1442 missura
425 1384 482 1443 est.
536 1377 707 1442 Certamen
740 1380 824 1442 illud
848 1379 1021 1443 honestum
1056 1378 1232 1441 amicorum

163 1470 296 1533 tandem
321 1469 368 1530 sic
390 1465 510 1548 finitur,
535 1472 570 1530 ut
587 1467 726 1546 Pylades
743 1466 852 1531 Oresti
874 1474 991 1550 pareat.
1031 1466 1081 1531 Ob
1103 1472 1237 1546 metum,

165 1578 205 1622 ne
228 1555 370 1620 codicilli
393 1558 591 1635 amittantur,
612 1556 785 1639 Iphigenia
819 1559 931 1638 aperit,
962 1574 997 1619 se
1029 1556 1069 1620 ab
1103 1556 1237 1621 Oreste

167 1647 286 1710 fratre
324 1642 547 1708 liberationem
581 1663 720 1728 rogasse.
782 1642 855 1720 Quo
899 1645 997 1709 modo
1037 1645 1237 1730 anagnorisis

163 1734 313 1819 affabrel)
336 1732 447 1797 effecta
471 1741 528 1798 est.
573 1733 664 1815 Tum,
698 1734 755 1797 ubi
781 1731 916 1799 Orestes
941 1753 960 1796 a
983 1753 1093 1798 sorore
1117 1736 1236 1820 petivit,

164 1830 201 1888 ut
224 1842 294 1888 sese
316 1824 351 1885 in
376 1822 537 1904 Apollinis
570 1823 662 1886 iussu
697 1822 913 1905 exsequendo
949 1822 1129 1905 adiuvaret,
1150 1822 1239 1907 Iphi·

162 1914 260 1994 genia
282 1910 413 1975 tandem
437 1911 548 1974 dolum
572 1930 668 1974 suum
703 1911 743 1974 de
780 1912 875 1994 signo
911 1911 1082 1975 lustrando
1112 1913 1238 1996 profert.

164 2001 281 2063 Omnia
304 2019 346 2063 ex
370 2005 443 2063 voto
467 1999 656 2075 succedunt,
691 1999 757 2061 nisi
795 1998 884 2081 quod
919 2001 991 2081 ipso
1016 1998 1239 2083 proficiscendi

167 2095 327 2151 momento
350 2087 488 2168 Scythae
510 2088 617 2150 adhuc
641 2088 756 2150 remoti
781 2092 968 2151 accurrunt.
1018 2089 1097 2152 Acri
1119 2092 1238 2175 proelio

169 2178 337 2240 commisso
372 2176 487 2240 Graeci
521 2196 638 2239 narem
661 2177 805 2257 solvunt,
839 2177 899 2240 sed
933 2175 974 2239 ab
1011 2178 1092 2242 ostio
1127 2186 1238 2265 portus

171 2266 315 2344 quamvis
354 2267 451 2329 enixe
489 2266 682 2348 remigantes
729 2282 858 2348 semper
895 2265 1109 2348 repelluntur.
1169 2271 1236 2338 Iam

170 2350 272 2416 Thoas
294 2373 366 2418 cnm
389 2353 547 2419 militibus
580 2353 678 2419 adest
724 2352 765 2416 In
802 2352 922 2420 talibus
957 2359 1121 2441 angustiis
1156 2362 1236 2431 deus

168 2459 211 2504 ex
235 2442 376 2507 machina
398 2444 506 2506 locum
530 2443 636 2508 habet.
681 2442 863 2508 Minerva
887 2449 999 2510 autem
1020 2446 1148 2516 obeam
1167 2475 1235 2521 rem

165 2530 297 2595 inducta
312 2541 369 2615 est,
384 2533 472 2616 quod
490 2532 545 2595 illa
560 2533 666 2614 imago
683 2538 870 2595 secundum
888 2541 1031 2599 veterem
1050 2542 1231 2621 opinionem

167 2619 371 2684 domesticam
394 2625 428 2684 in
453 2641 566 2704 agrum
590 2622 753 2684 atticum
779 2623 1005 2688 transferenda
1028 2626 1135 2711 erat.2)
1180 2633 1234 2698 Sic

165 2708 267 2789 igitur
288 2711 538 2791 Agamemnonis
570 2709 663 2773 liberi
698 2711 824 2775 reversi
860 2709 989 2777 Orestes
1011 2712 1113 2797 Halis,
1147 2719 1234 2803 Iphi-

164 2798 261 2880 genia
283 2796 447 2862 Braurone
470 2797 594 2861 Dianae
617 2799 746 2861 cultum
769 2798 986 2884 instituunt3)

271 2885 521 2971 Iphigeniam
559 2886 819 2952 Aulidensem
860 2891 943 2953 inter
982 2892 1095 2956 ultima
1134 2916 1231 2979 opera

164 2980 275 3057 poetae
298 2975 516 3040 collocandam
541 2980 572 3038 et
595 2985 668 3057 post
691 2986 829 3040 mortem
854 2977 983 3041 demum
1011 2980 1050 3043 ab
1075 2981 1230 3068 Euripide

165 3064 288 3128 minore
303 3072 405 3129 actam
429 3083 499 3128 esse
516 3082 558 3127 ex
575 3063 672 3127 schol.
693 3065 733 3127 ad
756 3066 920 3148 Aristoph.
932 3065 1013 3130 Ran.
1030 3069 1070 3130 67
1095 3081 1229 3141 constat.

165 3149 214 3214 Ob
248 3173 318 3217 eam
345 3154 426 3218 forte
454 3172 586 3216 oausam
609 3158 777 3235 tantopere
800 3154 1099 3237 interpolationibus
1119 3163 1230 3226 vitiata

164 3247 220 3305 est.
256 3242 372 3305 Debito
385 3243 470 3304 enim
483 3241 613 3324 longius
622 3242 884 3324 progrediuntur,
901 3246 959 3325 qui
974 3245 1058 3308 hano
1075 3246 1230 3333 tabulam,

165 3330 270 3410 qualis
305 3329 397 3393 nobis
431 3337 558 3393 servata
586 3337 644 3410 est,
670 3329 820 3413 Euripidi
848 3333 977 3395 omnino
1005 3334 1229 3425 abiudieanta)

163 3471 253 3480 -—...-
259 3474 311 3480 -..-
325 3475 332 3478 .

272 3522 298 3589 1)
317 3520 357 3574 Ol.
375 3520 485 3574 Aristot.
505 3519 577 3574 Post.
597 3540 620 3575 c.
639 3520 705 3574 XVI
723 3519 740 3589 ξ
759 3521 784 3575 8.

270 3597 299 3726 2))
316 3592 361 3715 {ji
381 3590 412 3644 O.
432 3590 616 3712 Hprmanuum
635 3591 718 3661 praei.
737 3593 770 3645 ad
789 3592 814 3646 J.
833 3592 910 3648 Tanr.
930 3612 955 3664 p.
975 3596 1063 3651 XXII.

271 3666 286 3718 3
331 3664 354 3715 'l
395 3677 439 3715 ars
509 3665 559 3717 ,3.

272 3733 299 3798 4)
317 3679 396 3785 Sicb
416 3678 611 3785 receubioribus
639 3732 779 3801 praecipue
797 3733 822 3788 J.
841 3734 918 3805 Bang
945 3737 986 3790 De
1013 3745 1124 3792 auctore
1152 3742 1226 3810 lphi-

164 3801 260 3866 geniae
279 3801 341 3854 Aul.
364 3804 440 3868 1867,
461 3804 507 3871 qui
527 3802 677 3871 Gruppium
698 3809 807 3858 secatus
834 3805 904 3859 hanc
928 3808 1046 3862 tabulam
1072 3827 1088 3864 a
1111 3809 1226 3866 Chaere·

165 3887 244 3925 mone
263 3875 408 3940 prolectam
429 3890 488 3927 esso
500 3873 660 3940 suspicatur,
697 3875 771 3928 Inter
785 3877 873 3930 varios
885 3887 998 3932 conatus
1011 3881 1124 3934 aliorum
1138 3883 1226 3936 homi·

165 3957 229 3994 num
249 3944 386 3998 doctorum
416 3946 484 3999 mira
511 3951 552 3996 est
569 3944 731 3999 Zimdorteri
760 3947 911 4002 coniectura
934 3950 974 4003 De
993 3951 1130 4021 Euripidis
1148 3953 1225 4023 Iphi·

165 4013 244 4080 genia
262 4015 325 4068 Aul.
347 4015 415 4070 1838
435 4034 459 4084 p.
481 4016 514 4068 12
533 4031 581 4082 sq,
606 4015 672 4068 duas
696 4017 800 4070 fabulae
818 4019 940 4072 eiusdem
959 4022 1031 4075 tituli
1051 4025 1142 4088 luisse,
1160 4025 1225 4078 alte·

166 4099 224 4138 ram
243 4084 386 4157 Euripidis
412 4089 503 4156 patris.
531 4086 641 4138 alteram
669 4086 731 4154 filii3
760 4089 896 4156 Euripidis
923 4091 1036 4146 celebris
1062 4097 1224 4162 tragoediam

165 4171 232 4208 cesa
251 4158 403 4212 mutilatam
424 4175 441 4212 a
459 4157 630 4224 grammatino
649 4156 740 4226 aliquo
758 4177 792 4211 ox
810 4161 920 4214 minoris
937 4163 1073 4230 Euripidis
1085 4166 1226 4234 iphigenia

166 4226 319 4295 suppletam
338 4245 405 4295 osse,
424 4230 463 4282 ita
480 4235 577 4293 tamen,
597 4235 626 4280 ut
644 4229 724 4284 etiam
744 4230 777 4284 de
795 4246 843 4285 suo
862 4234 990 4288 nonnulla
1008 4236 1125 4292 adderet.

1012 4341 1029 4390 3
