2967 4800
682 335 724 408 le

283 521 453 586 Ovidius
488 522 620 584 omnino
653 514 844 604 Euripidem
878 521 1036 603 sequitur.
1094 517 1147 583 Sic
1171 517 1237 582 hle-

177 619 253 678 tam.
277 610 345 675 XII
361 610 402 672 27
424 629 481 693 sq,
503 610 560 674 ubi
584 609 675 674 nulla
697 611 819 674 mentio
842 610 908 675 voti
931 614 1045 673 exstat.
1090 607 1236 692 Itemque

176 702 252 766 hino
286 707 333 764 est
366 697 483 763 Ulixes
517 698 645 765 Metam.
671 697 754 762 XHI
789 700 853 763 183
887 718 935 782 sq.
964 697 1116 781 glorians,
1151 698 1237 780 quod

176 791 264 855 haud
296 789 430 852 minIme
464 808 524 853 sua
559 808 655 872 opera
689 787 885 852 sacrificium
923 787 1058 870 virginis
1090 786 1237 851 effectum

175 876 254 964 sul)
297 876 378 942 Plus
412 877 452 941 de
486 897 546 942 suo
580 878 666 941 idem
699 882 794 961 poeta
824 876 915 942 Trist
943 874 991 939 IV
1014 874 1087 957 4,61
1112 895 1158 959 sq.
1182 875 1237 938 ad·

177 967 347 1032 miscuisse
369 966 515 1045 videtur,
550 966 604 1029 hio
638 968 724 1030 enirn
756 985 807 1030 res
841 968 886 1030 sic
919 964 1060 1048 fingitur,
1083 969 1120 1028 ut
1141 963 1231 1048 Iphi·

176 1058 273 1140 genia
295 1057 426 1120 demum
441 1054 547 1120 Diana
569 1055 700 1119 iubente
722 1055 815 1119 illum
834 1059 1006 1119 cruentum
1028 1054 1126 1117 ritum
1148 1052 1237 1136 apud

177 1145 297 1210 Tauros
320 1146 504 1210 instituerit
557 1144 694 1228 Saepius
717 1142 872 1208 Ovidium
896 1145 935 1209 de
956 1143 1126 1227 Iphigenia
1148 1141 1234 1226 apud

176 1234 298 1299 Tauros
321 1234 484 1300 sacerdote
506 1233 694 1316 loquentem
716 1233 866 1297 ridemus
888 1233 932 1296 ita
965 1239 1081 1312 tamen,
1111 1236 1150 1295 ut
1172 1250 1237 1294 non

178 1324 326 1408 religiose
351 1328 466 1402 servet,
489 1341 573 1406 quae
595 1322 675 1385 alias
699 1322 856 1387 cecinerit
903 1320 955 1385 Sic
977 1320 1048 1405 Epp
1080 1338 1122 1384 ex
1144 1320 1237 1383 Pont.

177 1412 228 1477 III
251 1414 326 1493 2,45
350 1432 409 1495 sq,
431 1411 488 1476 ubi
510 1428 612 1475 senex
641 1409 851 1492 Scythicus
879 1410 985 1493 tradit,
1008 1410 1171 1493 antiquam
1193 1409 1239 1471 le-

178 1521 251 1586 gem
274 1502 374 1565 huius
396 1507 499 1564 terrae
522 1519 605 1565 esse:
631 1500 775 1581 „advena
798 1500 941 1583 virgineo
965 1518 1078 1563 caesus
1102 1504 1139 1562 ut
1161 1517 1238 1562 ense

179 1592 288 1654 cadat‘
312 1592 369 1670 (vs.
394 1588 458 1673 56).
505 1588 567 1654 Sed
590 1608 671 1652 num
695 1587 843 1668 Ovidius,
868 1589 1016 1672 quamvis
1048 1593 1118 1652 tum
1149 1587 1238 1650 illius

181 1681 320 1764 regionis
346 1679 457 1742 accola
479 1685 572 1761 esset,
594 1696 630 1742 re
652 1697 729 1742 vera
764 1697 884 1742 morem
920 1677 1067 1742 Geticum
1101 1676 1239 1759 descrip

179 1770 258 1832 tioni
281 1787 360 1834 suae
383 1769 566 1848 intexuerit,
591 1766 685 1831 valde
708 1766 832 1832 dubito.
886 1766 932 1830 Iis
955 1767 1070 1849 potius,
1094 1785 1176 1849 quae
1199 1784 1239 1828 ex

180 1856 334 1940 Euripide
356 1859 442 1921 inter
474 1875 586 1920 omnes
622 1861 698 1919 uota
732 1862 832 1935 erant,
866 1856 966 1919 libere
998 1875 1078 1919 usus
1112 1855 1241 1918 videtur

179 1948 286 2031 itaque
322 1947 418 2010 etiam
453 1966 498 2009 vs.
536 1947 575 2007 77
611 1943 739 2007 Heinsii
774 1946 999 2008 emendatione
1034 1962 1099 2007 non
1124 1943 1238 2027 egebit.

180 2034 326 2118 Itemque
349 2035 490 2098 tabulam
507 2032 711 2116 Euripideum
735 2052 801 2096 nou
825 2034 921 2097 anxie
944 2037 1134 2117 sequuntur,
1157 2051 1240 2115 quae

179 2122 272 2189 Irist.
296 2121 347 2188 IV
370 2123 446 2201 4,79
468 2142 513 2205 sq.
539 2122 635 2186 obvia
658 2126 750 2201 sunt3
775 2142 849 2185 nem
874 2122 962 2205 qnod
984 2122 1153 2205 Iphigenia
1176 2121 1241 2184 illic

179 2213 309 2277 fratrem
333 2232 429 2276 suum
455 2214 543 2293 „vice
566 2211 740 2275 sermonis“
775 2212 919 2295 agnoscit
952 2231 1027 2275 cum
1059 2211 1241 2294 cognitione

178 2321 235 2384 per
258 2303 379 2366 litteras
402 2301 513 2365 allecta
537 2300 617 2364 bene
640 2300 796 2383 coniungi
819 2306 963 2384 possunt.

289 2390 444 2455 Fabulam
468 2396 619 2470 nostram,
650 2390 768 2473 quippe
803 2410 899 2473 quam
922 2387 1094 2473 Euripides
1128 2392 1240 2453 tracta·

179 2485 277 2562 verat,
300 2480 388 2544 hisce
423 2479 622 2564 temporibus
656 2481 733 2543 satis
766 2485 874 2542 notam
905 2479 1017 2559 fuisse,
1051 2479 1139 2542 haud
1175 2498 1240 2542 uno

178 2570 360 2633 testimonio
382 2570 624 2654 comprobatur:

289 2657 377 2721 Inter
399 2657 570 2722 Senecae
593 2655 763 2720 Suasorias
778 2657 872 2720 tertia
887 2658 934 2720 sic
956 2655 1143 2720 inscribitur
1159 2654 1240 2737 „De-

182 2740 294 2803 liberat
328 2745 559 2826 Agamemnon,
594 2766 635 2809 an
674 2745 875 2830 Iphigeniam
916 2746 1062 2809 immolet
1101 2749 1239 2828 negante

181 2827 355 2894 Calchante
376 2831 468 2896 aliter
491 2836 635 2917 navigari
657 2836 706 2898 fas
730 2836 827 2899 esse.“
874 2836 925 2898 Ad
950 2854 1048 2918 quam
1072 2834 1238 2898 materiam

180 2918 293 2983 solitae
316 2921 475 3004 ampullae
498 2924 754 3006 suppeditantur.

292 3009 388 3094 Apud
412 3009 586 3075 Senecam
616 3013 888 3096 philosophum
912 3013 1022 3095 rigam.
1049 3013 1112 3077 158
1136 3031 1184 3096 sq.
1210 3015 1242 3074 et

181 3094 313 3161 Octavia
348 3100 702 3184 suspectionem
725 3102 903 3165 Aulidense
937 3103 983 3165 sic
1016 3104 1171 3187 ungitur,
1206 3105 1243 3162 ut

181 3184 353 3250 crudelitas
385 3190 461 3254 facti
495 3188 657 3274 eluceat.²)
712 3190 798 3253 Illud
839 3195 949 3253 votum
985 3190 1242 3274 Agamemnonis

180 3279 287 3337 autem
312 3274 399 3341 hisce
423 3280 620 3362 temporibus
643 3298 774 3362 prorsus
797 3281 937 3360 evanuit,
953 3279 1105 3345 videlicet
1127 3278 1242 3343 iisdem

181 3363 297 3442 causis,
314 3384 396 3447 quas
414 3365 453 3429 de
470 3366 634 3451 Euripidis
645 3367 813 3452 Iphigenia
830 3369 1003 3434 Aulidensi
1020 3370 1242 3453 cognovimus.

285 3451 359 3516 Non
383 3455 545 3518 omiserim
567 3454 785 3520 Lucienum
819 3478 891 3541 περ.
916 3449 982 3545 ὀρχ.
1018 3475 1045 3522 c.
1081 3457 1125 3521 46
1160 3458 1244 3519 inter

179 3559 228 3620 ea,
262 3560 346 3625 quae
369 3544 603 3626 pantomimo
644 3545 816 3610 ediscenda
855 3547 929 3628 sint,
967 3548 1065 3612 etiam
1100 3545 1242 3609 fabulam

175 3626 343 3694 Tauricam
365 3627 518 3718 afferre.³)

177 3735 358 3746 ---—-——.
369 3741 389 3748 -

284 3770 310 3836 l)
328 3770 385 3824 Hoc
433 3786 521 3842 noque
548 3771 619 3840 apud
637 3771 795 3843 Euripidem
816 3773 929 3827 indicari
949 3775 1138 3842 cognovimns,
1166 3770 1200 3828 cl.
1220 3770 1243 3824 1.

176 3837 257 3893 Taur.
277 3855 317 3893 ra.
337 3845 379 3897 24.
398 3788 459 3899 obt.
495 3841 621 3896 Ammon
648 3843 681 3897 de
708 3849 771 3898 voto
799 3844 867 3898 nihil
885 3844 1014 3910 tegimen
1045 3860 1110 3901 nam
1130 3860 1170 3901 rs,
1191 3841 1243 3894 184

177 3909 398 4038 ggurgapgsolrppz·
425 3915 491 3967 item
519 3913 690 3984 accipiendae
720 3919 799 3970 erunt
827 3919 859 3969 ut
888 3919 1047 3988 „drumm
1081 3917 1111 3970 in
1130 3915 1152 3970 L
1172 3911 1243 3968 Aul.

283 4054 311 4124 2)
330 4054 419 4109 Etiam
440 4053 546 4110 Varro
565 4055 598 4109 de
618 4059 691 4125 patre
709 4057 769 4128 ipso
788 4056 870 4111 filiam
890 4059 1024 4113 mactante
1042 4054 1174 4127 loquitur.
1205 4053 1245 4109 ct.

176 4121 242 4177 Satt.
261 4123 332 4180 Men.
351 4125 477 4181 Buecb.⁸
496 4126 526 4183 lr.
545 4126 588 4180 94.
608 4125 650 4185 95.

283 4195 311 4262 3)
330 4203 381 4250 hul
411 4197 446 4250 τὰ
472 4202 502 4250 ἐν
530 4199 637 4264 Σκυθίᾳ
665 4198 705 4266 τῷ
731 4197 795 4270 ἥρωι
820 4197 953 4268 (Orestae)
970 4198 1169 4269 τετολμημείἀς
1200 4194 1246 4249 ubi

177 4263 320 4334 Iphigenia
338 4281 442 4338 quoque
460 4283 524 4323 suas
542 4271 633 4340 partes
651 4285 729 4340 agere
749 4270 849 4324 debuit

1027 4371 1047 4429 4
