2967 4800
500 732 572 807 ἡμεῖς
589 735 618 790 δὲ
636 736 707 793 uicos
726 738 785 791 otor
802 734 941 805 ἂκούομέν,
962 736 1028 793 οὐδέ
1044 760 1069 791 τι
1087 738 1170 807 iduor.

923 816 948 861 Β
968 808 1030 865 486.

233 1065 310 1187 Ut
333 1120 471 1205 omnino·
487 1137 539 1183 res
562 1118 700 1182 difficilis
727 1117 912 1185 fabularum
934 1138 978 1182 ex
1000 1119 1192 1201 antiquitate

127 1210 316 1274 traditarum
340 1209 472 1272 disiecta
495 1212 526 1271 et
549 1208 735 1290 saepissime
759 1226 919 1290 perpauca
942 1205 1086 1271 membra
1107 1208 1192 1270 inter

128 1316 162 1363 se
185 1301 384 1380 coniungere
414 1302 446 1359 et
472 1296 665 1380 investigare
693 1316 758 1379 quo
785 1302 928 1379 tempore
951 1302 983 1359 et
1006 1295 1126 1379 quibus
1149 1312 1192 1358 ex

129 1388 292 1452 elementis
327 1384 586 1468 unumquodque
617 1392 731 1449 natum
755 1385 805 1466 sit,
828 1386 872 1448 ita
895 1385 980 1448 haud
1003 1386 1135 1448 minime
1156 1385 1192 1461 in

129 1477 260 1539 historia
289 1473 432 1553 mythice
461 1472 687 1558 Iphigeniae
721 1473 894 1536 tractanda.
941 1473 1006 1537 Suo
1037 1474 1108 1537 iure
1131 1471 1192 1538 Od.

129 1560 334 1644 Muellerusl)
365 1566 455 1625 notat
483 1581 555 1625 eam
590 1562 747 1646 singulari
779 1562 917 1645 quadam
953 1562 1089 1645 caligine
1120 1581 1193 1624 uar-

129 1655 291 1715 rationum
319 1652 531 1731 mysticarum
555 1651 732 1715 involutam
758 1669 841 1728 esse3
879 1649 958 1714 God
982 1650 1194 1714 Hermannus

130 1760 202 1804 vero
226 1743 327 1804 hanna
350 1738 530 1805 fabulamt
517 1738 681 1824 tangens2)
703 1759 778 1802 oum
794 1740 942 1803 irrisione
956 1739 995 1802 de
1008 1739 1193 1819 „nebulosis

132 1850 185 1910 my
188 1830 347 1913 tholegiae
374 1827 579 1911 regionibus‘
603 1830 707 1911 lnquit
709 1834 802 1891 uret
825 1824 933 1913 aliasss)
957 1816 1101 1891 nonsibi
1125 1829 1195 1890 ani-

133 1938 221 1982 mum
246 1937 315 1987 esse
339 1917 480 1980 declarat
504 1919 555 1997 „in
579 1917 799 1999 multiplicatis
815 1914 1050 1979 sacrisDianae
1064 1917 1194 2000 singula

132 2009 290 2090 persequi.
325 2024 408 2089 quae
435 2012 506 2089 part
508 2007 551 2067 im
575 2004 825 2088 inexplicabilia,
848 2011 918 2088 part
919 2006 963 2067 im
986 2005 1195 2069 deliramenta

131 2097 389 2179 mythologorum
413 2095 514 2156 sunt‘.

238 2183 300 2246 Sed
316 2202 381 2245 non
397 2199 523 2265 semper
536 2185 604 2245 tant
592 2188 701 2265 tepere
717 2182 920 2266 desperatum
938 2188 999 2263 est;
1024 2202 1100 2245 nam
1116 2182 1194 2245 haee

131 2271 202 2352 ipsa
240 2270 420 2337 obscuritas
459 2270 541 2333 mult
528 2275 577 2334 tas
615 2272 723 2336 doctas
763 2272 996 2355 disputationes
1030 2272 1193 2336 excitavit.

132 2357 221 2435 Quas
255 2378 344 2424 nuno
378 2378 567 2424 enumerare
600 2379 667 2424 non
690 2379 708 2425 e
732 2379 767 2424 re
790 2360 932 2444 videtur;
965 2379 1025 2425 suo
1050 2359 1194 2444 quidque

129 2448 201 2512 loco
236 2451 342 2534 potius
372 2447 557 2514 nominabo.
605 2448 755 2514 Ceterum
783 2469 894 2513 eorum
922 2468 1003 2532 quae
1026 2468 1130 2532 usque
1153 2448 1195 2511 ad

131 2558 252 2601 annum
276 2536 407 2601 LXXII
433 2539 467 2599 iu
491 2539 598 2601 lucem
621 2539 819 2621 prodierunt,
843 2538 964 2601 bonum
988 2544 1194 2621 conspectum

129 2627 261 2707 praebet
275 2624 491 2711 Koeehlius.4)
535 2625 633 2709 Spero
650 2646 701 2690 me
717 2629 814 2691 etiam
833 2645 875 2690 ex
890 2626 955 2689 illis
979 2645 1061 2709 quae
1085 2632 1195 2710 postea

131 2714 170 2777 de
193 2716 253 2778 hac
275 2715 386 2779 fabula
410 2717 528 2799 scripta
551 2720 627 2778 sunt
650 2716 731 2779 nihil
748 2717 878 2779 maioris
891 2716 1046 2778 momenti
1057 2721 1195 2798 praeter-

129 2822 264 2866 misisse.

236 2892 318 2956 Mihi
342 2893 504 2975 proposui,
527 2897 564 2954 ut
589 2893 693 2977 prisco
717 2894 852 2955 numine
876 2898 972 2975 atque
996 2892 1086 2955 cultu
1110 2891 1196 2974 lphi-

127 2982 242 3062 geniae
274 2979 465 3045 adumbrato
501 2979 688 3062 disquiram,
727 2982 999 3064 quemadmodum
1034 3002 1053 3044 a
1088 2978 1194 3043 Diana

132 3072 235 3152 magis
270 3072 438 3154 magisque
472 3073 636 3153 segregata
670 3088 746 3131 mox
781 3071 923 3133 humana
946 3085 1061 3133 natura
1083 3069 1196 3132 induta

130 3157 200 3238 ipsa
234 3179 363 3242 quoque
386 3157 578 3222 sacrificium
602 3169 634 3221 et
666 3160 939 3242 Agamemnoniae
970 3159 1055 3221 filiae
1089 3165 1195 3241 partes

132 3243 279 3326 subierit3
313 3248 438 3328 deinde,
474 3246 530 3309 ubi
563 3247 702 3330 primum
726 3249 837 3330 generi
860 3248 1047 3310 Atridarum
1072 3247 1195 3309 intexta

131 3333 238 3409 fuerit,
264 3345 383 3416 quanta
407 3338 455 3397 vis
478 3335 552 3398 fatis
575 3337 645 3399 eius
669 3356 688 3398 a
711 3342 877 3418 poetarum
902 3354 1032 3419 quoque
1048 3337 1082 3397 in
1099 3354 1195 3398 saeva

132 3421 261 3507 Pelopis
293 3423 387 3485 domo
422 3424 574 3487 attributa
609 3426 660 3487 sit.
709 3423 858 3508 Denique
882 3425 960 3487 artis
984 3429 1195 3487 monumenta

132 3519 163 3575 et
175 3513 371 3596 posterioum
384 3513 605 3575 narrationum
618 3514 802 3576 varietatem
815 3513 1036 3597 perstringam.
1063 3512 1195 3575 Priore

132 3602 229 3682 igitur
262 3608 352 3686 parte
386 3599 515 3679 mythos
550 3602 618 3664 sive
652 3601 805 3684 legendas
840 3621 882 3664 ex
908 3601 1017 3684 popuii
1041 3601 1195 3684 religione

132 3689 183 3752 hie
217 3689 283 3753 illio
315 3710 374 3753 sua
408 3695 520 3773 sponte
553 3697 645 3752 natos
666 3689 940 3773 percensebimus,
962 3692 1193 3774 posteriore,

132 3797 215 3860 quae
239 3785 348 3861 poetae
384 3785 416 3842 et
444 3778 575 3841 omuino
599 3780 769 3862 scriptores
792 3779 879 3842 hisae
902 3779 1121 3842 fundamentis
1144 3779 1194 3840 usi

129 3902 150 3909 a
236 3937 262 4003 l)
280 3936 340 3996 Dor
360 3934 449 3992 1381
472 3937 506 3993 oi
526 3935 606 3991 etiam
625 3935 704 3990 Proll
724 3935 759 3988 73
778 3952 817 4004 sq.

234 4007 263 4071 2)
280 4006 366 4065 Praei
386 4008 512 4063 adedit
530 4007 685 4076 Iphigeniae
702 4006 804 4061 Tauris
823 4024 849 4077 p
867 4005 993 4060 xxxiv

230 4075 545 4214 ῗῖἓξ11.ᾝεδςι.2<ἰοτ
573 4148 664 4221 Iphig
693 4149 741 4208 aui
764 4145 868 4204 Tauris
904 4143 980 4201 Bari
998 4142 1120 4202 Weidm
1137 4135 1217 4192 iffi

127 4215 202 4278 Einh,
220 4217 335 4285 inprimis
356 4235 382 4286 p
408 4220 498 4277 1ae4

1009 4319 1027 4372 i
