2967 4800
769 323 814 387 40

257 509 288 567 et
326 500 497 567 Diomedes
535 502 724 585 prodierint,
768 521 811 565 ex
845 502 977 587 Hygino
1015 504 1093 586 (fab.
1134 505 1214 588 119)
1255 525 1321 571 non

256 592 418 656 enucleari
441 589 582 676 potestl)

367 682 553 763 Antequam
584 679 712 743 fabulae
746 685 876 743 nostrae
908 680 974 743 fata
1002 681 1079 743 inde
1114 681 1154 745 ab
1177 683 1322 746 Alexan-

256 769 423 833 drinorum
445 775 614 852 poetarum
648 768 846 850 temporibus
880 772 1113 852 persequimur,
1147 772 1199 833 hic
1229 771 1321 835 locus

252 858 391 934 videtur,
426 863 464 920 ut
499 876 595 940 quam
632 856 824 920 brevissima
865 856 1085 943 lustratione2)
1129 864 1321 943 spectemus,

256 946 415 1029 quomodo
439 965 477 1009 ea
499 965 541 1009 ex
564 946 695 1029 pulpitis
718 949 859 1009 maxime
882 945 1036 1030 Euripide
1059 950 1124 1010 iam
1147 950 1231 1011 inter
1253 968 1321 1012 om-

254 1054 313 1098 nes
336 1039 422 1114 nota,
445 1036 480 1096 in
503 1035 772 1098 monumentis
807 1054 960 1118 expressa
989 1038 1039 1100 sit.
1087 1035 1158 1111 Quo
1181 1039 1216 1099 in
1239 1057 1318 1101 con-

256 1129 367 1208 spectu
391 1122 525 1206 singula,
550 1142 631 1206 quae
656 1124 785 1206 quidem
811 1124 851 1186 ad
875 1143 1078 1187 communem
1108 1127 1245 1208 speciem
1271 1145 1321 1190 re·

255 1232 385 1276 currere
409 1212 589 1293 videantur,
611 1213 716 1295 ipsius
740 1213 875 1276 actionis
897 1219 1040 1297 tempore
1057 1214 1212 1297 disposita
1235 1234 1322 1279 oom-

255 1302 352 1385 plecti
376 1300 519 1364 studebo.

341 1514 392 1592 [te
422 1510 662 1593 monumentis
689 1514 735 1593 ad
765 1512 979 1611 lubineniam
1007 1514 1235 1597 tullensem

655 1620 928 1717 pertinentibus.

364 1758 455 1822 Mitto
480 1778 679 1841 enumerare,
702 1760 759 1823 ubi
784 1761 823 1824 de
846 1762 906 1824 hac
929 1779 964 1824 re
987 1766 1095 1823 actum
1126 1762 1183 1838 sit;
1212 1765 1320 1823 tamen

253 1848 402 1930 inprimis
425 1848 466 1912 ad
489 1850 650 1932 egregiam
675 1849 925 1932 disputationem
947 1845 1081 1934 Iahnii3)
1105 1849 1279 1912 retulerim.

367 1937 405 2001 A.
428 1937 630 2021 iphigeniam
654 1938 731 2001 ante'
752 1937 944 2002 sacrificium
969 1938 1064 2000 morti
1092 1937 1237 2001 devotam
1274 1938 1320 2000 vi·
1396 1987 1401 1996 .

255 2025 383 2089 demus:

470 2114 496 2177 1.
521 2115 557 2178 ln
583 2136 646 2195 ara,
671 2135 768 2198 qnam
792 2116 904 2179 dicunt
934 2114 1114 2179 Cleomenis
1142 2141 1178 2170 =
1205 2113 1321 2178 Overb.

574 2203 617 2268 H.
631 2204 668 2268 G.
681 2203 764 2267 XIV
777 2205 806 2267 7.
830 2203 1013 2286 Vorlegebl.
1027 2203 1095 2268 Ser.
1108 2203 1138 2264 V
1148 2203 1214 2266 Taf.
1227 2202 1278 2265 IX
1290 2204 1320 2266 1.

469 2294 498 2353 2.
525 2291 565 2354 In
599 2294 723 2375 pictura
754 2292 951 2376 Pompeiana
986 2322 1022 2347 =
1059 2292 1175 2356 Overb.
1214 2292 1257 2356 H.
1282 2291 1318 2355 G.

573 2380 656 2445 XIV
679 2383 710 2445 4.
756 2381 877 2466 Helbig
902 2383 996 2446 1305.
1042 2377 1225 2466 Vorlegebl.
1251 2380 1319 2447 Ser.

577 2470 605 2530 V
627 2470 692 2535 Taf.
717 2470 801 2535 VIH
825 2473 853 2533 2.

317 2615 320 2622 ,
366 2557 405 2620 Β.
427 2557 539 2641 Ipsum
571 2565 772 2624 momentum
804 2560 917 2623 litandi
956 2565 1166 2622 monumenta
1200 2558 1321 2641 duplici

254 2646 349 2709 modo
374 2647 543 2711 exhibent:

413 2735 439 2801 I.
463 2736 631 2819 Iphigenia
654 2738 786 2800 minime
809 2756 991 2820 repugnans
1007 2755 1081 2799 cum
1098 2737 1185 2820 regio
1208 2736 1320 2799 decore
1407 2765 1410 2770 ·

255 2825 427 2907 secespitae
452 2824 608 2888 obviam
631 2826 671 2887 it.
717 2824 793 2888 Huc
816 2827 967 2908 pertinet:

469 2915 496 2979 1.
535 2913 719 2997 Speciosum
754 2915 923 2977 vasculum
959 2914 1091 2997 apulum
1128 2940 1168 2968 z
1205 2911 1319 2974 Overb.

572 3002 615 3067 H.
641 3002 678 3067 G.
701 3002 785 3065 XIV
809 3002 838 3067 2.
886 3002 1069 3085 Vorlegebl.
1105 3000 1173 3078 Ser.
1196 3000 1227 3061 V
1255 3000 1319 3062 Tus.

575 3089 627 3153 IX
645 3093 674 3172 3,
698 3098 840 3155 ceterum
876 3111 978 3154 unum
1003 3090 1108 3172 quoad
1136 3109 1224 3153 nunc
1249 3091 1320 3172 qui·

574 3179 646 3243 dem
671 3182 801 3263 scimus,
812 3182 910 3263 quod
926 3177 1117 3242 sacrificium
1134 3177 1319 3262 Iphigeniae

575 3268 722 3331 ostendit.
761 3270 904 3349 Gemma,
929 3287 1025 3350 quam
1043 3265 1260 3330 Overbeclrius
1284 3272 1322 3330 ut

575 3376 650 3420 cum
674 3359 816 3440 imagine
838 3358 938 3419 huius
955 3356 1124 3438 amphorae
1141 3375 1321 3438 congruen-

573 3451 638 3509 tem
662 3451 897 3527 commemorat,
932 3444 1037 3509 adhuc
1072 3446 1217 3509 nondum
1246 3444 1320 3507 vul-

573 3540 646 3618 gata
670 3535 805 3598 videtur.

469 3623 497 3687 2.
524 3620 617 3697 Quod
639 3625 779 3687 multum
800 3624 905 3705 distat,
928 3642 1009 3705 opus
1030 3621 1228 3686 tessellatum
1244 3620 1320 3683 Hm-

574 3713 672 3794 poriis
715 3715 882 3775 inventum
922 3739 958 3766 =
996 3711 1092 3774 Arch.
1130 3709 1196 3793 Ztg.
1234 3709 1319 3772 1869

255 3891 469 3901 ——
573 3800 640 3864 Taf.
661 3800 705 3865 X.
753 3800 935 3883 Vorlegebl.
960 3798 1027 3863 Ser.
1049 3798 1080 3860 V
1103 3798 1169 3864 Tul.
1191 3798 1225 3861 X
1245 3800 1272 3861 1,

362 3955 386 4027 1)
407 3955 580 4012 Coniecturae
598 3957 683 4011 habes
702 3973 742 4026 ap.
764 3957 853 4012 Schlie
871 3957 888 4011 l.
909 3973 932 4011 c.
955 3973 981 4026 p.
1000 3956 1036 4008 84
1055 3965 1081 4009 et
1099 3955 1124 4009 J.
1138 3954 1320 4008 Schmidtium

255 4026 299 4082 Ul.
318 4028 456 4082 Posthom.
475 4046 501 4097 p.
521 4029 548 4083 9.

361 4099 388 4170 2)
407 4099 498 4154 Pauca
528 4099 597 4153 mihi
626 4100 745 4154 notanda
774 4116 833 4154 sese
857 4098 1026 4162 obtulerunt,
1057 4113 1124 4164 quae
1152 4095 1222 4150 forte
1250 4095 1318 4149 alias
1411 4140 1414 4150 .

256 4169 361 4239 publici
379 4170 445 4224 iuris
464 4171 552 4225 facere
571 4170 672 4224 licebit.

360 4241 389 4308 3)
407 4240 488 4296 Arch.
509 4241 592 4296 Beitr.
612 4241 663 4295 378
682 4258 722 4311 sq.
