2967 4800
684 318 727 385 37

173 497 342 563 Tauricam
377 502 488 563 contra
520 500 615 563 etiam
650 499 709 562 hac
732 500 859 563 ratione
880 500 982 583 pluris
1005 498 1237 563 aestimandam

175 607 254 653 esse
300 587 351 651 Ibi
373 589 461 653 enim
484 587 522 669 (Ι.
546 586 639 653 Taur.
665 608 702 651 vs
738 590 802 651 359
826 586 886 673 sq.)
918 589 1091 652 admodum
1123 588 1239 652 efficax

174 684 231 759 est,
267 677 355 760 quod
389 682 490 740 mater
525 677 611 740 domi
646 676 731 740 diem
764 678 953 760 nuptiarum
977 676 1125 752 celebrat,
1160 677 1238 741 dum

173 766 241 829 filia
263 766 382 829 Aulide
417 765 458 829 ad
486 766 615 830 caedem
639 765 780 829 ducitur.
828 766 937 830 Ulixis
959 765 1085 829 fallacia
1108 767 1142 828 in
1166 765 1238 850 Iph.

173 854 266 921 Trur.
292 853 347 935 (cf.
363 856 445 938 inpr.
463 873 512 918 vs.
533 856 585 917 24.
600 852 677 937 521)
700 853 832 919 fortiore
848 856 922 918 odio
939 855 1098 938 descripta
1110 854 1238 918 videtur

176 963 272 1026 quam
307 944 341 1005 in
377 943 444 1026 lph.
480 943 556 1006 Aul.
591 940 643 1027 (ct.
678 963 726 1007 rs.
753 943 826 1010 107.
857 944 930 1007 529.
957 941 1070 1027 1362);
1104 943 1238 1007 Achillis

173 1033 391 1115 generositas·
408 1036 512 1096 autem
547 1034 580 1095 in
616 1031 684 1114 Iph.
715 1032 810 1096 Taur.
833 1033 924 1096 nullo
947 1032 1044 1096 verbo
1068 1033 1238 1111 indicatur,

175 1123 274 1184 immo
309 1139 383 1184 eum
419 1121 472 1184 hic
505 1121 545 1183 ab
579 1120 748 1204 Iphigenia
784 1120 835 1184 rel
873 1123 957 1185 iuter
991 1122 1137 1185 conscios
1173 1120 1238 1184 doli

174 1210 339 1273 numerari
372 1215 450 1293 puto
486 1209 539 1295 (cf.
564 1209 589 1274 Ι.
614 1208 648 1274 Τ.
671 1229 719 1273 vs.
747 1210 820 1272 527.
855 1209 941 1295 842).
996 1211 1109 1293 ltaque
1141 1211 1237 1273 etiam

174 1317 335 1381 nusquam
372 1300 407 1360 in
438 1297 507 1381 Iph.
529 1296 620 1361 Taur.
647 1299 819 1381 vestigium
844 1304 905 1379 est,
938 1299 1137 1383 Iphigeniam
1161 1299 1239 1361 olim

175 1394 310 1450 mortem
330 1406 389 1469 pro
406 1388 511 1469 patria
522 1386 660 1450 libenter
672 1388 866 1470 suscepisse:
890 1387 1042 1451 Aulidem
1065 1392 1096 1451 et
1119 1387 1239 1451 bellum

174 1474 348 1538 Troianum
384 1474 539 1539 detestata
572 1477 681 1558 potius
705 1476 835 1539 Graecis
868 1475 981 1540 acerbe
1005 1476 1165 1540 maledicit
1187 1473 1239 1559 (cf.

175 1565 257 1647 iupr.
281 1564 306 1629 L
331 1562 427 1628 Taur.
451 1583 499 1630 vs.
526 1563 589 1627 333
614 1584 661 1648 sq.
686 1571 718 1628 et
741 1566 807 1627 384
830 1564 901 1650 sq.).

275 1654 426 1717 Attamen
443 1658 568 1737 oportet
581 1654 803 1737 respiciamus,
820 1658 991 1735 utramque
1013 1653 1155 1717 tabulam
1172 1673 1238 1717 non

175 1741 271 1803 modo
295 1742 358 1804 alio
383 1743 525 1821 consilio,
548 1743 605 1806 sed
629 1744 725 1806 etiam
749 1742 812 1805 alio
835 1747 978 1826 ternpore
993 1744 1141 1826 scriptam
1159 1761 1239 1807 esse.

266 1828 355 1905 Quae
378 1831 418 1894 de
441 1830 593 1914 operibus
609 1832 746 1895 scenicis
769 1838 855 1914 post
869 1830 1095 1914 Euripidem
1113 1832 1240 1915 seriptis

176 1925 302 1981 servata
326 1925 403 1982 sunt
404 1922 548 2002 ,magis
582 1920 763 1984 litterarum
797 1940 894 2002 quam
929 1921 1110 2001 argumenti
1144 1939 1242 1983 causa

177 2008 350 2090 spectanda
373 2014 477 2072 erunt.

283 2094 332 2160 De
355 2096 514 2177 Polyidi
537 2098 702 2203 tragoedia
723 2096 809 2179 apud
830 2096 1033 2160 Aristotelem
1057 2096 1146 2160 Poet.
1171 2115 1241 2179 cap.

177 2181 316 2247 XVIII
301 2186 341 2248 10
369 2186 448 2249 haec
474 2185 660 2249 traduntur:
692 2177 845 2291 Ὀρέστης
871 2177 1207 2292 dveyvciptoevl)...

177 2267 261 2336 rmd
289 2268 327 2337 τὸ
350 2268 438 2351 εἰκὸς
466 2269 581 2354 εἰπών,
613 2267 665 2339 ὅτι
696 2267 753 2338 οἰκ
784 2265 849 2359 ἄρα
878 2297 977 2356 μονον
999 2298 1060 2380 την
1086 2269 1239 2381 addula,

180 2353 260 2425 dita
288 2359 347 2427 καὶ
375 2353 472 2428 aicha
499 2360 566 2428 ἔδει
595 2364 752 2452 τυθῆναι
780 2360 837 2428 καὶ
866 2355 1056 2451 dissidenti
1082 2358 1240 2467 proripio.

178 2447 238 2512 Ille
270 2458 363 2534 poeta
396 2453 454 2535 igit
455 2472 494 2515 ur
527 2452 714 2536 Euripidem
754 2458 886 2516 secutus
916 2454 1023 2524 fuerit,
1056 2454 1120 2515 nisi
1155 2452 1240 2533 quod

178 2541 315 2622 cognitio
338 2560 403 2603 non
437 2560 493 2624 per
527 2543 704 2624 epistulam,
739 2542 796 2604 sed
824 2541 927 2605 Orest
905 2546 945 2605 tis
980 2541 1078 2604 verba
1111 2541 1240 2604 fortuito

180 2626 287 2710 elapsa
308 2629 419 2693 effecta
442 2637 501 2695 cst.

284 2715 527 2800 Tragicorum
541 2717 801 2781 Romanorum
816 2719 943 2782 minuta
955 2718 1133 2802 fragmenta
1146 2719 1239 2781 etiam

178 2803 231 2865 hic
254 2809 473 2870 auctoritatem
496 2805 661 2890 Euripidis
685 2809 763 2870 satis
786 2807 1005 2890 comprobant.

283 2890 527 2979 Iphigeniae,
551 2915 649 2978 quarn
673 2895 843 2959 Naevius
867 2897 1002 2979 scripsit,
1030 2915 1131 2959 unum
1147 2896 1240 2979 ¹frag-

177 2987 321 3046 mentum
346 2990 452 3049 exstat
473 2983 586 3065 (Rihh.
605 2983 656 3046 hh.
680 2989 719 3048 tr.
744 2985 796 3047 lat
818 3004 849 3067 p.
874 2983 916 3068 9),
947 2985 987 3048 do
1022 3004 1086 3068 quo
1118 2986 1242 3048 coniec-

177 3078 266 3135 turas
288 3071 387 3136 habes
410 3074 497 3156 apud
519 3070 771 3156 Ribbechiumfl)

283 3159 482 3225 Ennium
474 3183 506 3225 m
531 3162 734 3245 Iphigenia
758 3161 886 3240 sueth.
864 3162 1042 3224 iss-43
1062 3159 1118 3241 R.)
1141 3161 1242 3223 multa

178 3248 396 3313 verbotenus
429 3271 472 3314 er
494 3250 651 3335 Euripide
685 3251 897 3329 transtulisse
929 3248 1133 3313 Duentzerus
1157 3248 1241 3314 Mus.

177 3333 279 3402 Rhea.
313 3337 343 3398 V
371 3340 435 3400 442
469 3360 521 3422 sq.
556 3340 706 3403 ostendit
763 3338 826 3403 Sed
864 3358 941 3402 mox
975 3338 1135 3420 Berglrius
1170 3337 1241 3401 lnd

177 3424 261 3489 lectt.
299 3432 375 3489 aest.
410 3426 511 3492 Marb
550 3430 636 3491 1844
676 3431 819 3511 iupr.p
798 3425 950 3511 leV
984 3448 1031 3510 sq
1067 3427 1242 3506 contendit,

178 3511 343 3596 Sophoclis
375 3535 504 3598 quoque
539 3516 733 3599 tragoediam
767 3479 874 3579 Ennio
906 3516 1135 3580 contaminanti
1168 3522 1242 3578 ante

177 3603 289 3667 oculos
323 3603 433 3684 fuisse,
468 3607 522 3668 cui
544 3604 650 3669 Schlie
686 3605 707 3669 l.
732 3624 757 3668 c.
781 3626 811 3688 p.
839 3607 881 3668 83
916 3607 961 3668 ita
989 3605 1172 3680 assentitur,
1206 3612 1243 3667 ut

177 3688 366 3772 Euripidem
390 3694 437 3756 illi
461 3696 531 3757 viro
555 3695 685 3759 cordato
708 3714 773 3757 non
799 3693 990 3758 satisfecisse
1014 3694 1109 3758 dicat.
1157 3694 1243 3776 Iphi·

177 3780 273 3860 genia
296 3788 400 3844 autern
426 3784 478 3846 hic
502 3802 632 3867 quoque
664 3784 819 3864 viraginis
853 3789 959 3866 partes
989 3783 1092 3865 egisse
1116 3783 1243 3845 ridetur

179 3867 230 3944 (cf.
254 3869 337 3952 inpr.
361 3868 400 3933 fr.
434 3871 484 3935 IX
521 3879 552 3935 et
583 3869 616 3933 X
639 3870 695 3950 Β.)
753 3872 911 3936 Achillem
948 3892 966 3934 a
999 3872 1143 3954 partibus
1173 3872 1243 3934 eins

179 3958 305 4022 stetisse
328 3959 419 4023 docet
442 3961 481 4025 fr.
504 3959 595 4023 Vlll.
642 3959 676 4024 Si
700 3961 731 4023 in
757 3962 892 4025 servatis
913 3960 1061 4024 frustulis
1088 3961 1121 4023 id
1149 3959 1243 4023 modo

176 4099 341 4108 ———-...—-.

285 4166 523 4232 1)Kocohliusl
542 4185 565 4221 c
585 4169 711 4236 tadum.
730 4170 792 4225 99·
784 4187 842 4225 rure
861 4169 1023 4225 conicit2d2
1031 4173 1190 4241 syraphin.

286 4240 314 4305 2)
333 4237 410 4292 Rom.
431 4237 509 4306 Trag.
529 4256 555 4307 p.
575 4238 644 4292 50-
646 4242 691 4296 53
