2967 4800
560 350 725 417 ,23

169 530 228 594 tati
240 530 384 594 maxime
401 528 596 613 respondere
613 527 824 618 videbaturl)
852 530 917 595 Hic
933 532 1018 595 enim
1037 528 1113 594 belli
1129 535 1242 595 auctor

171 617 323 703 superbia
353 619 491 701 quadam
522 619 688 702 nimiaque
720 619 823 702 gloria
853 623 918 684 ianr
952 618 1038 704 apud
1060 617 1240 684 Homerum

169 709 311 792 insignis
326 706 397 772 fnit
443 705 533 783 Quae
548 707 717 772 facultates
733 715 843 791 postea
858 710 893 772 in
909 710 1013 772 maius
1029 705 1241 791 augebantur,

170 802 209 861 ut
226 797 360 860 omniuo
372 795 600 880 Pelopidarum
623 798 727 861 tristia
749 796 815 863 iata
831 795 1091 881 postHomerum
1108 794 1240 861 demum

169 885 302 950 exculta
333 883 524 970 videmurff)
567 878 681 969 Ὕβρις
713 885 780 968 illa,
814 894 850 950 ut
882 886 1027 950 mortalis
1060 887 1096 948 in
1130 891 1240 949 artea

169 975 306 1038 numine
330 974 447 1038 donato
469 974 550 1038 illud
574 976 683 1059 ipsum
706 993 861 1058 superare
883 976 1047 1059 glorietur,
1080 973 1239 1038 efabulis

168 1063 294 1147 graems
317 1068 394 1127 nota
416 1058 501 1149 0013)
547 1062 630 1127 Nam
666 1062 753 1146 quod
787 1083 882 1128 cerva
914 1083 1005 1128 sacra
1034 1063 1098 1127 fuit
1131 1064 1239 1127 minus

170 1153 284 1236 culpae
320 1152 431 1215 datum
467 1156 525 1215 est.
576 1151 679 1216 Simul
710 1153 949 1236 respiciendum
983 1150 1121 1216 Dianam
1156 1153 1238 1215 anti·

171 1242 282 1324 quitus
314 1242 349 1304 in
386 1243 529 1304 carmine
563 1242 653 1324 epioe
685 1259 759 1305 curn
784 1242 932 1326 Apolline
955 1262 974 1306 a
996 1239 1141 1325 partibus
1163 1239 1237 1303 Tro

168 1330 315 1393 ianorum
352 1327 478 1413 sures)
535 1327 757 1394 Narrationem
796 1330 836 1395 de
872 1332 993 1414 nuptiis
1027 1329 1187 1394 simulatis
1221 1347 1239 1393 e

169 1417 320 1482 versibus
351 1417 544 1498 Homericis,
581 1420 637 1483 uhi
668 1421 869 1502 Agamemno
903 1419 1025 1482 Achilli
1063 1436 1162 1481 unam
1196 1436 1239 1481 ex

175 1505 283 1570 tribus
297 1505 425 1571 filiabus
446 1506 546 1587 offert,
568 1507 704 1572 fluxisse
713 1506 904 1572 Welclrerus
918 1506 1002 1572 Mus.
1015 1506 1119 1571 Rhea.
1129 1505 1161 1566 V
1172 1507 1237 1569 451

174 1593 336 1679 eleganter
358 1597 544 1680 suspicatus
567 1603 625 1661 est.
671 1595 733 1660 Sed
751 1597 974 1681 Iphianassam
997 1616 1016 1660 a
1039 1594 1166 1659 Stasino
1189 1613 1239 1659 re·

172 1684 277 1764 tincti,
298 1684 391 1749 docet
413 1684 518 1748 Schol.
547 1685 586 1748 ad
610 1685 706 1768 Soph.
730 1685 848 1751 Electr.
874 1686 952 1750 157:
977 1735 984 1748 .
1009 1734 1017 1749 .
1043 1733 1050 1747 .
1074 1673 1106 1771 ἤ,
1129 1676 1174 1760 ὡς
1196 1678 1238 1748 τὰ

167 1767 315 1857 Κύπρια,
345 1769 563 1861 διαφόρους
589 1772 692 1862 φησὶν
711 1765 902 1863 Ἰφιγένειαν
933 1770 991 1839 καὶ
1016 1764 1237 1860 Ἰφιάνασσαν.

170 1859 265 1925 Certe
287 1867 394 1925 tamen
419 1862 527 1926 nullas
549 1868 655 1945 partes
678 1865 751 1944 egit.

274 1948 474 2015 Huiusmodi
506 1952 606 2034 igitur
639 1953 754 2016 rivulis
787 1950 897 2016 fabula
931 1956 1051 2029 nostra,
1084 1949 1191 2032 qualis
1218 1967 1237 2013 e

168 2038 286 2102 litteris
314 2046 390 2103 nota
419 2044 478 2119 est,
504 2039 706 2105 confluxerit.
754 2038 803 2104 De
827 2040 961 2116 Achille,
983 2037 1239 2118 Clytaemnestra

170 2128 350 2210 ceterisque
383 2128 469 2211 apud
501 2130 693 2212 posteriores
724 2135 834 2212 poetas
866 2128 970 2193 obviis
996 2125 1079 2190 nihil
1100 2126 1238 2189 traditur

167 2215 204 2277 in
227 2212 337 2280 Procli
359 2216 528 2282 breviario.
574 2215 734 2282 Dehisce
760 2219 907 2301 personis
935 2223 1007 2301 post
1028 2214 1236 2279 Welokerum

168 2301 245 2388 (Ep.
272 2303 361 2385 Cycl.
390 2305 526 2390 11101)
558 2305 645 2371 Frid.
678 2304 810 2385 Schlie⁵l
844 2308 1004 2390 speciosas
1036 2306 1237 2367 coniecturas

166 2392 310 2476 protulit.
358 2392 420 2459 Cui
454 2394 495 2460 de
527 2395 655 2460 Achille
687 2397 927 2460 assentiendum
960 2401 1050 2478 puto,
1084 2393 1238 2457 carminis

165 2483 251 2565 epici
274 2484 471 2567 simplicitati
506 2487 607 2568 magis
638 2486 855 2569 respondisse,
889 2491 925 2547 ut
960 2485 1066 2546 sciens
1101 2481 1174 2545 dolo
1197 2482 1237 2544 ad

166 2572 327 2653 virginem
360 2576 583 2637 arcessendam
619 2592 736 2638 nomen
770 2592 868 2637 suum
905 2569 1074 2656 praeberet
1112 2577 1144 2633 et
1180 2570 1239 2634 fati

166 2659 272 2722 divini
295 2663 487 2727 necessitate
510 2667 542 2726 et
563 2664 691 2746 propria
725 2662 806 2725 forte
838 2656 1040 2742 ambitionet)
1064 2665 1237 2742 permotus.

166 2745 269 2818 Ulixi.
304 2750 333 2813 si
365 2753 497 2814 omnino
530 2753 606 2815 huic
639 2752 686 2815 rei
708 2750 892 2834 implicatus
915 2750 986 2829 fuit,
1022 2747 1134 2812 dubito
1158 2765 1237 2810 num

164 2841 213 2898 tot
228 2834 439 2902 tribuendum
461 2843 512 2920 sit,
534 2845 571 2904 ut
592 2840 694 2904 voluit
714 2839 743 2902 J.
762 2837 907 2903 Schmidt
930 2837 979 2902 De
1001 2837 1056 2901 Ul.
1075 2836 1238 2901 Posthom.

162 2943 196 3005 p.
223 2924 242 2987 9
266 2922 434 3009 Sophoclis
457 2928 646 3011 fragmentis
680 2929 780 2991 nisus.
827 2927 1000 2992 Praeterea
1034 2927 1090 2988 vix
1121 2925 1239 3007 aliquis

166 3013 287 3076 ducum
311 3016 345 3077 in
369 3034 408 3080 ea
428 3035 463 3081 re
485 3018 592 3082 locum
628 3014 790 3095 habuerit;
822 3017 990 3080 verissime
1024 3014 1109 3078 enim
1133 3012 1239 3077 Schlie

165 3118 197 3181 p.
216 3101 257 3163 79
281 3111 403 3184 monet,
426 3124 556 3170 carmen
579 3107 708 3189 epicum
733 3124 862 3189 semper
884 3105 925 3168 ad
947 3122 1015 3166 rem
1039 3109 1071 3165 et
1086 3107 1238 3165 eventum

163 3187 325 3269 festinare,
350 3194 534 3259 animorum
558 3202 667 3258 autem
691 3193 923 3258 fluctuationes
957 3193 1061 3273 magis
1092 3192 1152 3253 arti
1175 3193 1239 3252 tra·

163 3277 254 3358 gicae
278 3280 477 3349 excolendas
511 3283 706 3366 relinquere.
753 3280 803 3346 Dc
827 3281 1081 3363 Clytaemnestra
1109 3278 1239 3360 quidem

269 3468 295 3538 l)
314 3467 342 3526 Si
353 3472 588 3534 Wilamouitzius
607 3476 624 3531 l.
637 3493 660 3532 0.
679 3493 705 3545 p.
716 3476 771 3530 250
789 3476 817 3529 in
836 3491 868 3528 ca
887 3491 915 3527 ro
934 3472 1054 3536 offendit,
1072 3470 1144 3539 quod
1163 3469 1240 3550 iuno·

163 3539 301 3617 00001110
320 3544 439 3605 victima
460 3549 511 3618 sit,
530 3549 682 3603 monuerim
710 3563 768 3600 eam
798 3546 902 3600 serrari
921 3552 947 3598 et
965 3543 1100 3613 propriam
1120 3555 1240 3594 0000οι0

162 3623 226 3662 uam
246 3613 285 3666 sic
303 3628 412 3685 semper
442 3620 474 3672 in
497 3626 725 3688 Agamemnonem
755 3618 860 3674 cadere.
880 3646 912 3656 -
940 3614 1017 3681 Quod
1037 3613 1241 3685 ,Ἀγαμέμνονος

163 3679 252 3756 daoro'
280 3683 309 3737 10
338 3690 528 3758 proverbium
559 3690 666 3744 transiit
695 3689 741 3756 (01.
769 3688 891 3744 Paroom.
921 3702 959 3756 gr.
987 3685 1028 3738 cd
1056 3684 1175 3751 Gotting.
1203 3681 1239 3738 11.

163 3753 237 3810 Ceut.
256 3752 347 3816 1Νο.
368 3759 406 3828 5),
427 3763 459 3815 id
479 3764 513 3815 do
531 3761 689 3830 Iphigeniae
707 3759 840 3814 sacrificio
859 3757 1044 3827 accipiendum
1083 3755 1146 3820 erit3
1175 3768 1239 3834 nam

162 3838 229 3891 quae
247 3832 425 3893 grammatici
445 3833 480 3886 de
499 3832 569 3886 bove
588 3833 622 3885 ab
641 3848 687 3886 ara
715 3831 861 3896 effugiente
889 3830 1010 3892 madunt,
1041 3824 1239 3895 proculdubio

162 3899 254 3962 postea
274 3898 389 3954 demum
411 3903 526 3957 inventa
544 3907 615 3957 suut.

268 3968 300 4032 2)
321 3971 364 4026 Ci.
394 3972 481 4028 Lohrs
505 3973 649 4041 Aristflp.
671 3973 704 4026 78
725 3977 752 4026 et
771 3971 802 4029 0.
822 3973 936 4028 Kramer
953 3970 994 4024 De
1013 3967 1122 4038 Pelopis
1142 3966 1239 4022 fabula.

270 4039 299 4108 3)
320 4042 362 4097 Cl.
382 4043 470 4098 Lehrs
488 4044 555 4112 Pop.
575 4043 652 4097 Ante.
665 4045 677 4081 ²
690 4045 725 4100 52
744 4060 784 4113 sq.

271 4111 301 4178 4)
323 4113 364 4169 Cf.
384 4114 510 4184 inprimis
535 4121 557 4168 Ῑ
572 4115 616 4168 39.
636 4117 678 4170 71.

273 4184 413 4244 51110001.
436 4186 483 4240 des
501 4187 559 4242 troi.
578 4185 596 4240 S
632 4187 709 4239 onir.
728 4187 776 4240 aui
796 4193 846 4242 etr.
866 4187 1035 4242 Aschenoist.
1056 4199 1080 4251 p.
1101 4181 1135 4234 78
1155 4197 1195 4248 sq.

275 4254 305 4324 6)
326 4255 366 4310 Cf.
386 4255 509 4312 Welcicr
526 4257 578 4314 Rh.
628 4273 668 4312 us.
694 4257 717 4310 V
736 4258 798 4314 451.
