2967 4800
740 276 783 340 46

227 452 395 539 Cypselil)
419 454 535 518 deinde
558 455 592 517 in
609 454 788 537 fragmento
809 455 933 518 decimo
951 452 1019 539 (B.)
1037 456 1205 535 Alcmanis
1228 454 1291 519 for-

223 545 309 607 tuito
334 549 460 607 servato
484 562 636 627 apparere
658 545 770 626 itaque
793 562 861 607 rem
885 545 963 607 satis
987 550 1102 625 notam
1118 546 1229 609 fuisse.

334 630 501 707 Quomodo
537 638 643 696 autem
667 631 794 696 Helena
829 652 903 695 cum
930 631 1138 717 Iphigenia
1164 633 1292 717 potissi·

230 741 321 784 mum
358 722 512 803 coniungi
548 722 697 804 potuerit,
732 719 1003 785 Wilamowitzius
1038 742 1103 786 non
1132 723 1201 787 sine
1224 722 1294 784 veri

228 810 335 894 specie
359 811 529 873 enucleare
553 809 692 873 studuit:
715 829 790 872 nam
814 809 995 874 Pausanias
1018 811 1038 873 l.
1060 831 1086 875 c.
1110 811 1293 895 paulopost

229 900 335 976 tradit,
354 900 388 961 in
406 899 569 962 vicinitate
582 899 681 961 huius
694 899 803 961 sacelli
812 897 964 979 Ilithyiae
977 899 1114 963 dedicati
1126 900 1293 964 Hecates

230 987 388 1070 templum
413 988 546 1068 stetisse,
571 1007 670 1070 quam
694 988 785 1051 deam
810 988 1024 1070 aliquomodo
1040 988 1294 1073 cumIphigenia

231 1077 401 1139 cohaerere
441 1081 531 1159 parte
565 1075 582 1139 Ι
624 1078 805 1140 statuimus.
870 1076 1000 1139 Accedit
1043 1078 1131 1159 quod
1167 1075 1294 1140 Helena

227 1184 361 1248 quoque
384 1166 564 1246 antiquitus
589 1165 709 1229 similes
731 1165 899 1229 facultates
914 1170 947 1228 ut
962 1165 1130 1249 Iphigenia
1142 1165 1293 1228 habuisse

231 1251 396 1337 videtur-²),
421 1259 459 1315 ut
482 1253 578 1316 etlam
603 1254 677 1316 hinc
700 1255 756 1316 illa
780 1255 968 1337 genealogia
984 1254 1176 1338 explicanda
1198 1254 1292 1317 foret.

229 1340 354 1417 Quodsi
385 1341 424 1404 de
456 1340 702 1425 Helenephoriis
730 1343 764 1403 in
796 1343 951 1406 honorem
981 1343 1058 1407 deae
1091 1344 1292 1407 Brauroniae

227 1430 395 1494 celebratis
419 1430 579 1512 audimus,
608 1431 642 1493 id
674 1432 876 1494 coniecturae
905 1433 1012 1495 minus
1036 1438 1146 1515 aptum
1170 1427 1292 1516 puscit)

228 1570 235 1579 .
334 1518 416 1581 Utut
448 1539 499 1583 res
535 1539 569 1583 se
603 1520 730 1601 habuit,
770 1519 842 1583 talis
881 1521 1141 1598 narratiuncula,
1184 1520 1293 1602 qualis

227 1607 313 1691 apud
349 1606 546 1670 Pausaniam
580 1608 748 1691 profertur,
782 1627 849 1670 non
883 1610 1077 1690 antiquioris
1110 1612 1205 1671 notae
1230 1608 1290 1669 du·

229 1696 331 1759 cenda
365 1693 440 1778 est4)
473 1696 581 1779 itaque
619 1697 716 1759 etiam
751 1695 790 1759 de
814 1696 993 1759 StesIchoro
1018 1696 1128 1759 dubito
1152 1697 1292 1759 maxime

229 1784 472 1848 Wilamowitzii
504 1784 719 1867 disputatione
755 1789 872 1865 motus,
906 1805 985 1848 num
1009 1786 1140 1848 omniuo
1164 1786 1200 1847 in
1223 1803 1293 1847 car·

230 1873 372 1936 minibus
395 1875 466 1938 eius
489 1874 596 1937 locum
621 1873 779 1937 habuerit.

339 1960 427 2037 Quae
451 1962 719 2027 Wilamowitzius
743 1983 772 2045 p.
799 1962 862 2025 260
888 1982 936 2045 sq.
966 1962 1005 2026 de
1032 1967 1161 2027 vetusta
1183 1961 1294 2024 fabula

229 2049 510 2115 Rhamnusiorum
548 2052 683 2134 scripsit,
717 2054 840 2135 poetice
863 2053 1051 2135 excogitata,
1082 2052 1137 2115 sed
1160 2069 1294 2134 prorsus

231 2141 355 2203 incerta
379 2147 463 2203 sunt.
1361 2199 1364 2205 ,

336 2227 623 2311 Euphorionem
661 2229 745 2292 hanc
791 2230 947 2313 originem
989 2229 1175 2313 Iphigeniae
1218 2247 1294 2290 cnm

232 2318 415 2387 narratione
432 2316 613 2381 Brauronia
633 2318 877 2401 contaminasse,
900 2317 1169 2383 Wilamowitzius
1184 2318 1206 2382 l.
1223 2336 1248 2379 c.
1265 2337 1294 2401 p.

233 2408 297 2469 259
314 2406 463 2472 ostendit.
491 2405 540 2470 De
554 2407 592 2470 fr.
606 2405 752 2470 LXXXI
767 2407 865 2471 Mein.
881 2413 970 2491 parte
983 2408 1000 2471 Ι
1012 2429 1040 2491 p.
1055 2409 1104 2489 8,i
1123 2407 1293 2470 dicendum

233 2495 301 2558 fuit.
348 2493 497 2561 Nominis
521 2496 708 2580 Iphigeniae
731 2497 784 2559 hic
807 2500 919 2560 auctor
942 2498 1055 2559 miram
1068 2495 1294 2578 etymologiam

230 2585 369 2648 invenlt:
985 2613 987 2620 ‘

604 2719 611 2734 .
636 2721 642 2734 .
669 2665 783 2736 oivcaa
807 2667 847 2758 δή
870 2697 928 2754 μιν

335 2751 350 2824 ἶ
389 2784 401 2823 ι
424 2756 612 2848 βιησαμένῳ
632 2752 742 2848 Ἑλένη
764 2747 1020 2846 ὖπεγείίνατο
1047 2758 1191 2847 Θησεῖ.5)

236 2878 272 2905 =
298 2850 334 2912 fr.
356 2784 437 2912 {XI
460 2848 573 2929 Mein.;
609 2849 725 2913 deinde
762 2850 800 2913 de
828 2852 1071 2934 Agamemnone
1094 2850 1295 2933 Iphigeniam

233 2938 350 3002 Aulide
373 2942 532 3001 mactante
557 2943 588 3002 et
611 2958 686 3002 ursa
709 2940 873 3023 supposita
896 2946 1064 3003 narratum
1086 2936 1187 3023 fuiti)

341 3026 438 3110 Apud
471 3025 718 3090 Nicandrum
757 3030 888 3091 victima
923 3029 1043 3091 vicaria
1077 3033 1190 3091 taurus
1224 3027 1295 3109 fuit,

234 3116 320 3179 unde
355 3134 473 3178 nomen
508 3120 610 3179 terrae
643 3115 796 3180 Tauricae
829 3121 859 3180 et
894 3117 971 3179 deae
993 3115 1190 3200 Tauropolae
1214 3117 1295 3180 deri-

339 3413 366 3481 1)
385 3412 424 3466 Cl.
443 3412 523 3468 Paos.
542 3412 566 3465 V
586 3417 654 3476 1e,3.
690 3412 742 3465 Dio
762 3412 857 3481 Chrys.
875 3428 900 3480 p.
923 3417 972 3470 163
991 3411 1023 3467 R.

341 3483 369 3541 2}
387 3483 419 3536 Id
439 3483 482 3536 vel
500 3500 535 3536 ex
554 3483 589 3537 iis
611 3484 790 3553 cognoscitur,
809 3499 877 3552 quae
896 3484 973 3538 nobis
991 3485 1093 3539 tradita
1112 3490 1182 3540 sunt.
1202 3484 1234 3538 cf.
1251 3485 1295 3537 in-

233 3553 332 3623 primis
360 3554 458 3609 Herod.
488 3554 526 3608 VI
545 3555 578 3609 ot
610 3558 637 3607 et
664 3554 817 3608 Usenerum
841 3554 910 3610 Mus.
938 3555 1024 3610 Rhen.
1055 3556 1205 3614 xxiiam
1225 3554 1296 3610 ultra

235 3626 344 3679 modurn
363 3629 453 3678 tamen
473 3640 652 3694 progressum.

340 3697 367 3763 3)
387 3694 426 3750 Cf.
453 3695 566 3749 Suchicr
597 3713 621 3764 p.
649 3700 683 3754 38
703 3711 742 3763 sq.
767 3726 801 3736 -
830 3697 970 3765 praecipue
999 3697 1032 3752 ob
1062 3697 1295 3766 significationem,

235 3782 316 3835 quarn
335 3765 496 3820 vocabulum
515 3765 589 3833 έλένη
607 3767 653 3820 hio
672 3766 795 3821 habebat.

341 3836 371 3907 4)
389 3837 427 3891 Gi.
446 3838 554 3892 omnino
572 3853 640 3907 quae
652 3837 784 3892 Lehrsius
802 3837 835 3891 de
847 3838 951 3893 Helena
971 3840 1098 3907 exposuit
1110 3838 1177 3908 Pop.
1196 3839 1295 3893 nutat

233 3907 360 3975 inprimis
377 3924 403 3976 p.
422 3913 457 3966 32
476 3924 516 3978 sq.

340 3979 366 4047 5)
384 3978 478 4047 Itaque
497 3979 527 4037 E.
540 3979 576 4034 M.
588 3978 686 4044 480,18
706 3982 767 4034 anie
786 3977 943 4052 ,Εὖφοριίυνί
963 3978 990 4049 ,Ἰ
1018 4004 1026 4032 ι
1032 3984 1158 4053 γένειαί
1177 3979 1294 4033 inseren-

234 4049 298 4101 dum
316 4053 366 4117 est,
384 4066 437 4102 non
452 4041 521 4119 Ἶφις,
540 4051 611 4118 quod
629 4050 715 4104 uoluit
733 4051 922 4105 Bachmannus
940 4052 974 4106 ad
992 4003 1057 4120 zyc.
1077 4052 1137 4108 323.

234 4190 267 4245 Cf
292 4190 314 4245 B
336 4120 369 4244 pff)
389 4120 427 4245 ΟΞ.
447 4121 607 4245 f›lp'ilamoru
631 4121 649 4175 l.
669 4138 691 4177 c.
719 4121 761 4175 De
788 4138 851 4177 ursa
877 4123 932 4177 iam
959 4122 1148 4176 Phanodemus
1175 4123 1296 4178 tradidit.

266 4234 272 4245 .
316 4235 322 4249 .
365 4193 401 4246 ‚7
422 4196 445 4260 7,
483 4234 489 4247 .
