2967 4800
695 294 735 360 19

178 472 333 556 ribusque
355 472 490 535 nomine
513 470 553 534 ab
577 472 687 536 eadem
711 472 834 556 origine
857 473 999 538 derivata
1017 470 1245 557 inderentur.¹)

178 561 267 626 'l'ales
296 560 433 625 forsitan
467 579 584 624 causae
617 560 799 642 effecerunt,
834 567 870 626 ut
892 562 1079 647 Iphianassa
1102 580 1244 626 sororem

176 650 379 734 Iphigeniam
403 650 570 732 acciperet.
617 647 690 714 Nisi
721 650 829 732 potius
861 651 917 714 illa
947 651 1079 714 nomina
1101 652 1244 734 primum

176 740 217 803 ad
240 738 401 802 eandem
425 756 595 820 personam
606 738 706 802 relata
721 736 837 824 sune),
857 758 934 803 mox
951 744 1059 803 autem
1078 737 1243 803 aGraeois

175 828 326 906 consciis,
351 845 389 890 ea
412 845 478 889 non
501 826 587 890 idern
611 825 801 910 significare,
828 848 941 892 rursus
970 839 1135 911 segregata
1158 832 1244 908 sunt,

175 924 211 981 ut
248 917 290 980 de
323 914 523 979 carminibus
558 914 684 999 Cypriis
719 935 959 999 cognoscemus.
1011 915 1074 980 Sed
1109 917 1242 978 minime

177 1006 311 1090 penitus
333 1005 532 1087 investigare
553 1007 739 1087 poterimus,
770 1005 930 1087 quomodo
955 1005 1033 1069 haec
1056 1006 1243 1068 coniunctio

176 1095 262 1157 faeta
294 1098 326 1157 et
360 1112 440 1156 num
470 1091 614 1157 Hesiodo
648 1092 819 1157 tribuenda
852 1096 902 1177 sit,
936 1099 1001 1176 aut,
1032 1093 1119 1176 quod
1142 1094 1244 1175 magis

178 1182 363 1262 verisimile,
386 1181 505 1265 populo
523 1184 656 1247 Graeco.
704 1180 828 1257 Quodsi
848 1183 935 1266 apud
956 1189 1081 1246 veteres
1107 1181 1244 1246 traditur

180 1270 346 1335 Braurona
357 1269 492 1333 Iliadem
504 1271 669 1333 recitatam
680 1268 789 1356 esse3),
802 1272 877 1335 hinc
900 1291 965 1338 non
991 1272 1097 1335 ausim
1117 1275 1244 1334 nostrae

178 1360 404 1443 disceptationi
426 1358 566 1441 aliquem
593 1358 735 1423 fructum
758 1359 956 1444 perciperet

288 1447 358 1511 lam
382 1467 477 1530 porro
506 1450 680 1530 quaeritur,
712 1454 822 1512 utrum
855 1447 1025 1533 Iphigenia
1059 1448 1144 1531 apud
1177 1445 1243 1509 He·

183 1535 305 1600 siodum
339 1538 375 1599 in
410 1536 600 1600 sacrificii
634 1538 807 1601 discrimen
841 1539 968 1602 venerit
995 1556 1107 1600 necne.
1154 1534 1244 1599 Nihil

181 1626 257 1689 certi
279 1625 429 1689 traditur.
475 1623 633 1706 Meyenus
668 1625 799 1708 quidem
832 1645 864 1708 p.
891 1628 941 1705 18,
969 1645 1067 1709 quem
1090 1625 1246 1689 Wilamo

179 1715 308 1778 witrins
332 1713 354 1779 l.
372 1731 398 1776 e.
422 1732 454 1797 p.
467 1715 531 1777 253
556 1715 713 1797 sequitur,
736 1717 801 1777 iam
824 1714 876 1777 hic
900 1716 940 1779 de
962 1733 1000 1778 ea
1022 1734 1058 1778 re
1081 1719 1246 1778 narratum

177 1803 278 1868 fuisse
302 1807 396 1886 putat
417 1803 527 1885 itaque
550 1802 732 1866 Pausaniae
755 1803 838 1867 illud
861 1795 920 1868 οὐκ
942 1794 1131 1868 ἀποθανεῖν
1154 1804 1248 1866 vertit

179 1909 263 1973 „non
287 1908 415 1955 caesam
449 1894 548 1956 esse“.
595 1890 712 1955 Contra
746 1890 930 1972 Stengelius
963 1893 1019 1974 qui
1042 1892 1148 1954 annal.
1172 1891 1248 1974 phil.

183 1982 270 2044 1883
294 2000 323 2063 p.
349 1979 413 2042 362
438 2000 486 2063 sq.
511 1980 551 2044 de
575 1979 740 2043 sacrificiis
775 1985 847 2062 post
881 1984 1018 2043 aetatem
1041 1978 1249 2042 Homericam

179 2071 216 2132 in
250 2067 417 2132 Graeciam
452 2069 549 2132 illatis
583 2069 769 2152 disputavit,
803 2088 834 2152 p.
862 2069 924 2131 367
961 2085 1043 2150 quae
1081 2068 1117 2131 in
1139 2066 1249 2130 fabula

180 2163 293 2220 nostra
337 2157 377 2221 de
412 2155 553 2221 Hesiodo
599 2157 782 2239 traduntur,
828 2158 959 2221 omnino
1006 2154 1106 2220 dubia
1144 2156 1249 2237 habet,

183 2245 326 2309 maxime
346 2264 384 2310 ea
407 2264 504 2310 causa
527 2246 653 2328 duetus,
677 2246 764 2329 quod
799 2247 852 2309 illo
887 2253 1029 2328 tempore
1064 2244 1249 2309 hominibus

183 2334 312 2397 litatum
334 2353 404 2398 esse
426 2341 535 2415 negat3
561 2335 655 2398 etiam
681 2353 764 2419 quae
788 2334 828 2397 de
844 2333 1012 2419 Iphigenia
1029 2332 1151 2398 Hecate
1167 2332 1251 2397 lacta
1354 2345 1358 2351 ·

182 2429 365 2502 narrantur,
387 2424 530 2488 Hesiodo
555 2424 730 2488 abiudicat:
757 2424 938 2507 catalogum
973 2424 1069 2487 etiam
1105 2423 1251 2507 alioquin

181 2512 485 2596 interpolationibus
517 2514 664 2577 vitiatum
699 2531 770 2576 esse
805 2517 837 2575 et
859 2512 999 2576 Hecates
1032 2531 1110 2575 cum
1143 2514 1250 2576 Diana

183 2603 443 2666 coniunctionem
482 2622 500 2665 a
533 2607 598 2666 tam
633 2610 741 2665 vetere
776 2607 918 2683 tempore
957 2601 1160 2682 aliquantum
1195 2599 1249 2662 ab·

181 2692 319 2754 horrere.
366 2689 445 2753 Mihi
457 2690 589 2774 quidem
611 2691 771 2754 inhaere
794 2691 927 2753 minime
949 2688 1180 2753 offendendum
1204 2688 1251 2750 vi·

182 2780 286 2860 detur,
309 2781 494 2862 praesertim
518 2799 593 2843 cnm
618 2780 656 2842 de
681 2781 817 2844 Hecates
841 2780 965 2863 origine
987 2783 1084 2859 atque
1117 2778 1249 2841 notione

181 2875 350 2951 tantopere
372 2868 559 2951 caligemus.
606 2866 654 2931 De
678 2870 787 2931 causis
811 2875 928 2948 autem,
952 2873 1065 2930 curet
1088 2867 1247 2950 quomodo

182 2977 260 3021 oum
283 2956 452 3040 Iphigenia
475 2957 652 3021 coalescere
674 2956 824 3040 potuerit,
860 2957 900 3020 ad
934 2973 972 3019 ea
1004 2954 1122 3019 referre
1146 2955 1250 3036 liceat,

291 3130 320 3200 1)
339 3129 379 3185 Cf.
396 3130 482 3184 Lehrs
495 3131 577 3186 Arist.
589 3129 663 3184 ³463
681 3143 720 3197 sq.
753 3129 794 3183 Ex
812 3128 942 3183 uberibus
959 3127 1092 3195 exemplis
1110 3128 1248 3183 aIehrsio

185 3204 308 3256 menna
335 3201 459 3269 inprimis
489 3202 543 3255 huc
561 3201 770 3268 comparandum
788 3204 838 3267 est,
869 3199 939 3269 quod
969 3215 1010 3267 ap.
1029 3198 1247 3268 Apollonias

184 3272 390 3341 Iphianassa
408 3279 435 3326 et
452 3272 596 3341 Iphinoe
614 3271 705 3326 Proeti
718 3271 788 3326 filiae
807 3271 989 3340 appellantur:
1009 3268 1139 3341 Iphinoos
1157 3275 1247 3324 autem

186 3359 284 3398 nomen
302 3342 375 3395 idem
394 3343 512 3398 valuisse
531 3343 601 3413 quod
609 3342 779 3412 Iphigeniam
797 3342 852 3396 iam
865 3357 946 3411 supra
958 3360 982 3411 p.
995 3341 1028 3395 12
1040 3342 1180 3396 inventum
1198 3347 1248 3396 est.

294 3413 323 3480 2)
345 3412 426 3467 Hand
439 3429 499 3467 raro
517 3415 546 3467 in
565 3413 692 3483 mythicis
710 3414 804 3469 eadem
823 3429 936 3481 persona
953 3413 1076 3482 pluribus
1094 3413 1249 3467 nominibus

185 3484 362 3553 significatur,
395 3484 552 3553 plerumque
568 3486 670 3552 eodem,
700 3490 732 3538 nt
759 3486 798 3538 ita
816 3485 913 3549 dicam,
943 3485 1114 3538 fundamento
1133 3488 1247 3550 retento;

185 3556 257 3609 iuter
276 3553 400 3623 exempla
419 3555 501 3609 huius
518 3556 558 3608 rei
577 3572 619 3624 ap.
637 3555 781 3610 Lehrsium
800 3556 881 3610 Arist.
899 3555 977 3610 ⁸239
997 3556 1080 3610 etiam
1099 3561 1191 3610 nostra
1208 3554 1248 3610 t'a-

186 3625 251 3678 bula
269 3629 447 3681 enumeratur.
484 3626 536 3692 ,ut
564 3626 678 3682 sonasse
708 3626 802 3680 codem
831 3630 902 3680 recte
925 3627 1054 3681 referetur
1071 3619 1203 3698 Ἰφιγένεια
1222 3633 1249 3681 et

186 3693 368 3766 'lpacivancw
390 3696 523 3763 Quamvis
541 3701 632 3750 autem
650 3713 698 3767 pro
717 3696 876 3768 Iphianassa
893 3696 1035 3768 Iphigenia
1057 3699 1111 3752 d1ci
1132 3699 1249 3767 potuerit

187 3766 250 3819 ideo
269 3783 321 3820 non
340 3783 448 3822 necesse
467 3771 515 3832 est,
534 3768 588 3821 iam
607 3768 671 3823 hnic
691 3768 899 3838 Agamemnonis
924 3768 994 3823 filiae
1011 3769 1074 3823 inde
1092 3770 1125 3824 ab
1144 3770 1248 3836 origine

188 3852 242 3896 sua
270 3841 387 3892 veterem
404 3838 479 3893 illam
500 3839 576 3892 dcam
595 3838 714 3906 subesse,
744 3844 774 3892 nt
791 3839 822 3894 li.
841 3837 950 3895 Curtius
969 3839 1071 3894 voluit:
1100 3842 1171 3910 quod
1190 3846 1249 3894 tum

189 3909 299 3962 demum
318 3913 437 3978 apparet,
465 3910 511 3963 nbi
538 3909 654 3978 primum
677 3910 889 3965 sacrificium
909 3910 1064 3981 iphigeniae
1085 3913 1192 3966 obviam
1212 3913 1249 3968 fit.

295 3978 324 4044 6)
341 3979 506 4035 Testimonia
533 3982 565 4033 de
595 3980 646 4035 hoc
664 3997 738 4035 more
757 3998 773 4036 a
791 3981 921 4036 Suohiero
939 4000 963 4050 p.
981 3985 1016 4034 44
1035 3998 1075 4051 sq.
1094 3983 1249 4038 afferuntur.

296 4049 324 4118 4)
342 4050 372 4105 Si
383 4052 503 4106 conicere
516 4050 592 4118 velis,
613 4052 646 4105 de
659 4052 821 4120 Argolica
840 4055 927 4122 potius
946 4058 1023 4120 terra,
1041 4054 1252 4124 Agamemnonis

191 4118 337 4200 domicilio,
356 4123 469 4190 cogitari
481 4127 574 4191 potest
611 4121 664 4177 Ubi
683 4139 766 4193 supra
780 4142 804 4195 p.
819 4125 853 4178 13
868 4125 1012 4193 vestigium
1031 4127 1165 4196 quoddam
1179 4125 1253 4195 Iphi·

190 4205 284 4257 geniae
303 4194 486 4262 cognovimus.

1038 4295 1072 4354 2*
