2967 4800
679 1087 866 1185 Vtra.

735 1298 833 1310 m

354 1435 651 1501 Maximilianus
689 1438 852 1503 Carolus
890 1439 1087 1505 Henricus
1121 1442 1310 1507 Ernestus

247 1525 269 1589 J
278 1525 447 1589 acobson
475 1530 571 1591 natus
599 1546 672 1590 sum
705 1547 790 1591 anno
813 1526 904 1591 LXV
932 1549 958 1592 a.
982 1530 1013 1593 d.
1039 1530 1124 1594 XIII
1147 1530 1211 1595 Cal.
1233 1531 1308 1596 Jan.

246 1617 281 1677 in
304 1614 442 1696 praedio,
466 1616 517 1677 cui
541 1619 591 1681 est
614 1635 731 1680 nomen
747 1616 1028 1698 GrossPotauern,
1051 1624 1139 1700 patre
1161 1619 1309 1699 ErnestO,

247 1710 348 1767 matre
367 1702 461 1766 Anna
483 1722 501 1767 e
523 1709 618 1786 gente
639 1704 860 1787 Rosenlrranz,
883 1724 963 1787 quos
985 1705 1092 1773 adhuc
1115 1709 1206 1770 vivos
1229 1710 1309 1772 colo.

246 1791 336 1855 Fidei
352 1792 499 1855 addictus
512 1811 585 1860 sum
598 1795 812 1877 evangelicae.
857 1792 938 1857 Inde
951 1814 970 1856 a
984 1812 1059 1858 vere
1077 1796 1155 1856 anni
1165 1793 1308 1858 LXXIV

245 1882 453 1962 gymnasium
477 1880 744 1966 Insterburgense
766 1882 977 1965 frequentavi,
1000 1882 1101 1945 donec
1129 1901 1204 1947 vere
1230 1885 1309 1946 anni

245 1969 616 2035 LXXXIVtttestimonio
630 1972 822 2036 maturitatis
833 1973 1011 2035 instructus
1027 1990 1112 2035 sum.
1140 1969 1212 2047 Quo
1224 1971 1307 2034 facto

245 2079 296 2123 me
308 2058 537 2142 Reginrontum
555 2061 685 2141 contuli,
698 2060 754 2123 ubi
766 2079 823 2143 per
836 2061 894 2123 hoc
919 2060 1220 2142 quadrienniumst
1190 2060 1307 2124 studiis

245 2149 444 2251 philologieis
480 2168 540 2212 nec
569 2169 634 2212 non
658 2110 905 2233 alchaeologieis
929 2167 1056 2232 operam
1080 2148 1161 2212 dedi
1207 2148 1308 2212 Semi-

246 2238 328 2301 narii
362 2237 547 2321 philologici
582 2239 699 2302 sodalis
732 2239 808 2301 inde
839 2238 879 2301 ab
903 2234 1022 2315 acesto
1046 2239 1123 2301 anni
1147 2236 1307 2303 LXXXV

242 2327 309 2408 fui,
351 2327 596 2390 exercitationes
631 2327 886 2411 arehaeologicas
918 2328 1122 2411 frequentavi
1155 2327 1233 2390 inde
1267 2325 1307 2388 ab

245 2417 349 2481 hieme
372 2417 450 2480 anni
474 2415 710 2496 LXXXVJVR
745 2418 830 2481 idem
864 2416 1150 2481 exercitationibus
1134 2416 1307 2501 philoso-

243 2506 346 2589 phicis
369 2504 499 2569 interfui
523 2511 555 2569 et
576 2506 711 2587 scholas,
743 2506 864 2589 quibus
888 2506 1021 2571 artificia
1044 2505 1169 2569 mediae
1192 2506 1305 2567 aetatis

244 2600 436 2678 nostraeque
471 2599 658 2675 tractantur,
693 2596 782 2659 adire
809 2598 907 2678 coepi.
954 2594 1100 2657 Examen
1124 2594 1305 2676 rigorosum

245 2684 368 2749 absolvi
392 2683 493 2766 pridie
515 2683 563 2747 Id.
589 2684 699 2747 Maias.

350 2773 473 2837 Audivi
495 2772 591 2836 hosce
613 2772 808 2856 professores
831 2771 1079 2836 illustrissimos:

455 2859 653 2944 Boumport,
689 2860 805 2942 Delio,
841 2860 1077 2938 Fricdlacnder,
1110 2858 1303 2942 Hirschfeld,

452 2950 538 3033 Jeep,
546 2949 672 3014 Jordan
678 2950 710 3033 †,
718 2949 1006 3030 Ludwich,Rueltl,
1015 2947 1144 3028 Schelle,
1157 2946 1303 3027 Scltoene,

457 3037 621 3118 Schubcrf,
648 3037 760 3119 rutra,
791 3037 915 3103 Walter.

350 3127 476 3204 Quibus
511 3128 671 3208 omnibus,
705 3128 853 3211 inprimis
888 3125 1143 3203 Friedlaendero,
1171 3125 1304 3188 Hirsch-

242 3218 350 3301 feldio,
383 3216 580 3299 Ludwichio,
608 3216 752 3281 Waltero
787 3235 843 3300 per
876 3219 974 3279 totam
1011 3215 1108 3278 vitam
1144 3216 1302 3278 maximas

243 3309 361 3392 gratias
384 3306 515 3370 habebo.
