2967 4800
749 286 790 349 10

239 461 405 544 proprium
429 478 552 525 numen
567 461 733 543 prodiisse,
758 460 843 546 quod
860 482 934 528 cum
948 462 1143 547 quibusdam
1158 462 1302 526 externis

240 549 361 612 deabus
400 550 541 613 maxime
576 551 874 633 septentrionalium
913 553 1058 636 gentium
1102 550 1299 634 permixtum

237 635 409 719 aidemal)
455 638 546 701 Inter
579 638 745 704 facultates
776 641 874 704 huius
898 641 975 705 deae
998 661 1036 705 ca
1059 642 1136 705 satis
1157 657 1302 722 compro-

241 725 314 790 bata
338 732 386 790 est
418 732 457 790 ut
479 727 638 791 humanae
671 730 894 813 propagationi
926 737 958 793 et
980 729 1163 794 educationi
1185 729 1303 811 praesit

240 822 272 880 et
306 817 437 879 omniuo
472 816 590 898 quippe
624 817 723 882 lunae
755 819 953 882 moderatrix
983 838 1049 882 rem
1075 838 1150 882 cum
1171 815 1301 880 feminis

240 901 393 988 habeat.2)
439 902 529 979 Quae
561 906 671 969 ournIa
703 926 779 971 cum
813 906 983 990 Iphigenia
1010 907 1093 971 bene
1116 907 1299 970 concinunt..

243 992 394 1057 Ceterum
428 993 514 1075 apud
547 994 686 1075 Argivos
709 1001 791 1060 teste
814 996 976 1060 Pausania
998 995 1032 1058 II
1056 997 1127 1077 22st
1152 993 1302 1075 Ilithyiae

242 1083 395 1147 sacellum
431 1086 503 1163 post
535 1089 664 1165 partum
687 1083 874 1168 Iphigeniae
906 1084 945 1148 ab
969 1083 1096 1148 Helena
1119 1084 1301 1147 dedicatum

241 1177 272 1235 et
293 1169 433 1234 Hecates
467 1171 622 1253 templum
645 1174 738 1236 iuxta
761 1180 926 1239 steterunt.
975 1172 1041 1237 Ubi
1064 1172 1303 1236 Wilamowitzii
1347 1166 1349 1170 ’
1456 1178 1469 1198 “

241 1261 426 1324 contectura
449 1257 562 1325 Herm.
581 1259 701 1325 XVIII
724 1263 789 1324 252
813 1263 937 1345 prolata
955 1263 990 1326 id
1007 1262 1103 1327 simul
1117 1259 1303 1345 Iphigeniae

241 1368 367 1412 sacrum
391 1346 500 1427 fuisse,
523 1367 587 1411 non
613 1349 766 1413 audacior
789 1350 929 1414 ridetur.

345 1435 530 1519 Iphigeniae
553 1437 677 1501 cultum
700 1440 883 1523 antiquiore
905 1446 1048 1522 ternpore
1064 1439 1142 1503 satis
1159 1438 1303 1501 valuisse

241 1527 337 1589 etiam
360 1544 403 1588 ex
426 1526 485 1588 hoc
508 1526 580 1591 loco
605 1525 762 1592 Herodoti
786 1527 924 1591 dilucide
940 1529 1145 1611 cognoscitur
1159 1526 1206 1588 IV
1225 1527 1301 1588 103:

240 1612 390 1697 (Tarpei)
425 1608 549 1678 θύουσι
565 1613 630 1720 μὲν
664 1617 704 1704 τῇ
726 1619 886 1701 παρθένῳ
918 1611 991 1692 τούς
1014 1637 1049 1679 τε
1071 1609 1223 1702 ναυηγοὺς
1245 1612 1303 1678 καὶ

240 1697 313 1779 τοὺς
336 1694 376 1767 dv
397 1697 546 1785 λάβωσιν
578 1698 727 1792 Ελλήνων
750 1701 1020 1788 ἑπαναχθένιεςθ)
1040 1700 1155 1789 τρόπῳ
1167 1701 1300 1789 τοιῷδε·

239 1785 477 1875 καταρξάμενοι
500 1786 637 1878 ῥοπάλῳ
662 1788 802 1857 παίουσι
826 1789 885 1880 τὴν
905 1788 1112 1881 κεφαλήν
1136 1839 1144 1853 .
1169 1842 1176 1856 .
1201 1792 1303 1874 capilo

241 1880 365 1943 absciso
389 1880 484 1943 hasce
507 1881 654 1946 victimas
678 1888 734 1946 aut
757 1884 797 1945 de
813 1901 892 1945 saxo
916 1882 999 1945 deici
1022 1886 1078 1945 aut
1101 1881 1303 1946 humari...

240 1963 309 2057 τὴν
332 1968 374 2033 δὲ
394 1964 568 2051 δαίμονα
584 1966 738 2058 ταύτην,
762 1965 977 2058 ophianus,
993 1970 1173 2055 λέγουσιν
1192 1960 1304 2033 αὐτοὶ

244 2057 387 2142 Ταῦροι
412 2054 647 2145 Ἰφιγένειαν
670 2056 738 2145 τήν
756 2056 1047 2144 Αγαμέμνονος
1067 2050 1213 2143 ricolfi)
1236 2057 1303 2121 Ubi

243 2146 375 2230 quidem
398 2144 527 2228 Scythis
554 2148 633 2230 ipsis
660 2147 741 2210 nihil
765 2149 803 2211 de
826 2148 993 2232 Iphigenia
1015 2155 1128 2212 notum
1152 2148 1263 2223 fuisse,
1285 2167 1304 2209 a

243 2235 373 2298 Graecis
409 2236 517 2317 potius
552 2235 616 2298 huc
650 2236 881 2318 navigantibus
914 2257 984 2301 eam
1013 2243 1208 2320 apportatam
1233 2253 1304 2300 esse

240 2324 333 2389 facile
356 2324 563 2407 intellegitur.
603 2323 644 2387 ht
668 2344 709 2389 ex
732 2324 943 2408 scriptoribus
967 2331 1062 2389 etex
1084 2326 1303 2400 monumentis

204 2469 213 2480 ,
241 2415 378 2496 virgiuis
402 2413 570 2476 cuiusdam
583 2414 661 2478 deae
678 2417 840 2478 veneratio
855 2416 1007 2477 humanis
1017 2413 1183 2477 sacrifieiIs
1197 2413 1303 2476 cultae

242 2503 281 2567 de
314 2501 555 2565 Chersoneso
593 2501 757 2566 Taurica
794 2509 870 2566 nota
911 2500 998 2584 esth)
1044 2501 1159 2564 Graeci
1197 2505 1304 2563 autem

242 2611 316 2655 cum
349 2591 425 2654 iude
459 2610 479 2653 a
513 2592 641 2654 saeculo
677 2588 816 2674 octavoh')
843 2592 945 2654 hauce
968 2592 1131 2673 regionem
1155 2591 1305 2670 viserent,

241 2699 368 2744 numen.
385 2679 468 2742 illud
493 2678 692 2764 barbarumI)
718 2680 758 2743 ob
775 2680 1018 2744 similitudinem
1041 2679 1204 2761 quandam
1228 2698 1304 2742 cum

241 2767 344 2832 Diana
378 2788 437 2831 sua
469 2769 564 2851 plane
600 2768 849 2848 confundebant,
884 2770 978 2832 cuius
1017 2770 1149 2832 tutelam
1184 2786 1218 2832 se
1252 2768 1304 2830 hic

241 2875 372 2941 quoquc
409 2857 591 2921 adiuturam
626 2857 782 2921 creditum
807 2854 893 2942 estss)
938 2856 1005 2921 Nec
1029 2858 1161 2920 minime
1183 2858 1224 2920 iis
1248 2857 1305 2939 qui

349 3050 376 3115 1)
395 3048 428 3102 cf.
447 3049 548 3103 Prellcr
566 3048 611 3105 Gr.
629 3048 666 3106 Μ.
685 3051 712 3104 1³
729 3051 791 3106 257.

349 3122 375 3187 2)
395 3117 434 3173 Cf.
461 3120 583 3189 inprimis
610 3121 778 3176 Schoemann
799 3120 867 3188 Opp.
885 3120 913 3174 II
938 3121 992 3177 234
1020 3136 1059 3189 sq.
1078 3122 1107 3174 et
1125 3119 1155 3175 ld.
1174 3119 1302 3174 Peteracn

240 3191 320 3246 area.
345 3207 385 3259 ap.
412 3190 502 3248 natta.
527 3178 621 3246 adst.
642 3192 680 3246 rr
699 3193 734 3246 aa
753 3209 792 3259 sq.
830 3190 917 3245 arata
936 3191 1040 3259 quidem
1060 3191 1161 3245 turrae
1179 3189 1211 3245 n.
1232 3190 1303 3244 aaa

241 3262 449 3331 apprensum
478 3261 523 3315 Gr.
543 3262 579 3320 M.
599 3262 625 3315 1³
642 3263 733 3332 258‚3.
758 3263 791 3316 cf.
810 3263 893 3315 etiam
913 3262 946 3318 H.
966 3262 1085 3316 Roscher
1103 3262 1179 3316 Stud.
1198 3261 1247 3315 Bd.
1267 3259 1303 3317 Ii.

348 3332 375 3399 3)
394 3331 438 3386 Sic
455 3331 525 3388 forte
545 3349 604 3387 cnm
624 3333 725 3388 Steinio
745 3332 808 3387 erhl.
828 3333 911 3401 Ausg.
930 3333 970 3386 Il3
989 3350 1014 3401 p.
1033 3333 1067 3386 27
1087 3333 1236 3402 legendum.

346 3404 374 3468 4)
393 3402 471 3458 Hunc
490 3403 578 3457 locum
597 3405 711 3458 Pausan.
731 3404 825 3470 143,1
845 3404 1009 3473 compilavit.

348 3474 375 3543 5)
395 3472 435 3529 cf.
468 3473 576 3529 Boeclrh
606 3476 641 3529 ad
670 3473 733 3530 clo
759 3475 788 3529 Π
818 3492 843 3542 p.
868 3474 910 3528 90.
947 3474 977 3529 Ε.
1006 3475 1109 3546 Meyer.
1147 3474 1188 3526 De
1216 3472 1304 3526 Diana

244 3543 362 3602 Taurica,
376 3546 404 3599 et
421 3545 548 3599 Auaitide
567 3545 653 3600 Berol.
674 3546 750 3601 1835.
787 3546 899 3600 Koehne
921 3545 1005 3599 Beitr.
1024 3564 1046 3599 z.
1066 3545 1160 3601 Gesch.
1181 3542 1303 3601 uhrah.

241 3632 292 3670 ron
304 3613 483 3671 Chersonesos
492 3616 521 3669 in
531 3616 653 3684 Taurica,
672 3617 794 3687 inprimis
814 3634 839 3685 p.
849 3616 884 3669 43
896 3632 946 3685 sq.·
956 3615 984 3671 C.
997 3617 1023 3670 N
1026 3631 1141 3671 cumcun
1153 3614 1186 3669 D.
1199 3614 1304 3668 Hellen.

241 3686 281 3741 im
299 3686 437 3756 Skythenl.
454 3686 469 3740 I
486 3687 540 3741 420
558 3704 597 3756 sq.

349 3762 378 3824 6)
397 3756 437 3812 ct
457 3757 555 3812 Busolt
575 3758 621 3814 Gr.
641 3757 736 3814 Gesch.
756 3758 770 3811 I
788 3757 848 3813 586.

348 3828 375 3897 7)
395 3827 476 3883 Cuius
495 3830 666 3899 praecipuum
686 3828 849 3883 domicilium
869 3831 927 3882 erat
940 3828 1153 3896 promontorium
1167 3845 1183 3881 a
1196 3825 1305 3881 Graecis

242 3899 417 3954 Parthenium
436 3900 608 3967 appellatum.
645 3900 679 3955 cf.
699 3900 785 3954 Strab.
806 3899 916 3967 pace:
941 3905 971 3951 ἐν
989 3898 1017 3951 δὲ
1037 3900 1072 3971 τῇ
1091 3896 1253 3968 Χερσονήσῳ
1273 3896 1304 3951 τὸ

244 3971 291 4038 τῆς
318 3973 458 4041 παρθένου
486 3972 557 4041 ἱερὸν
585 3969 709 4041 δαίμονός
727 3991 806 4033 τινος,
826 3968 856 4037 ἡς
874 3968 1011 4038 ἐπιίνυμοε
1029 3978 1071 4022 καὶ
1090 3967 1106 4036 ἦ
1124 3971 1190 4037 capa
1211 4011 1217 4022 .
1240 4011 1246 4024 .
1293 4009 1300 4020 .

241 4041 386 4167 ιὲαλονμένη
405 4044 568 4111 Παρθένιον,
588 4040 646 4109 ἕχον
664 4041 732 4096 νειὸν
749 4042 795 4108 τῆς
813 4040 937 4109 δαίμονος
954 4049 997 4094 ναὶ
1013 4039 1119 4102 ξόανον.
1151 4039 1191 4097 Cf.
1203 4039 1303 4093 Prallar

268 4112 495 4169 nnuma

349 4184 377 4253 8)
397 4183 436 4241 Cf.
460 4152 532 4253 ’quae
559 4183 592 4236 de
620 4198 651 4236 ea
679 4198 708 4237 re
732 4182 853 4238 universe
881 4182 1002 4250 exposita
1020 4184 1084 4235 suut
1102 4181 1135 4235 ah
1154 4181 1184 4235 Ε.
1204 4179 1304 4234 Plewio
