2967 4800
691 316 732 385 51

175 520 233 585 per
268 501 308 564 de
343 498 466 580 Chryse
500 498 566 562 filio
598 499 694 563 tradit
680 504 746 565 t.ur
792 498 845 563 Sic
868 499 901 562 in
925 497 1032 581 Steph.
1056 497 1135 579 Byz.
1160 462 1239 562 s..¹v

178 584 394 676 Χρισόπολις
427 587 519 652 etli.
544 587 585 652 M.
609 609 635 654 s
658 590 701 654 id
726 607 766 669 ιι,
799 586 950 672 pluribus
985 588 1070 671 apud
1106 585 1240 668 Dionys

176 679 323 759 Byzant,
347 678 402 760 qui
425 678 459 740 in
461 682 511 741 ter
534 679 638 742 varias
671 678 887 741 derivationes
921 677 1010 739 vocis
1033 675 1240 759 Chrysopolis

176 769 271 832 etiam
297 767 378 830 hanc
402 766 506 830 affert:
509 764 535 850 1)
579 764 724 832 ἐνταῦθα
758 761 818 851 γὰρ
854 756 951 830 αὐτὸν
959 760 1131 872 (Χρύσην)
1165 760 1240 874 ‹pei›-

176 879 275 942 yovre
297 849 382 921 κατὰ
406 852 479 932 δέος
499 851 675 963 Αἰγίσθου
698 852 756 921 καὶ
778 856 918 937 Κλαταιι
906 849 1071 943 μνήστρας
1102 856 1239 943 αφιιὲσ-

177 949 241 1009 θαι
265 939 540 1051 διανοοίμενον
523 968 557 1021 ες
591 940 732 1055 Ταίροις
765 940 814 1022 εἰς
838 935 1033 1050 Ιιμιγένειαν
1066 944 1239 1051 περαιοῦσ-

176 1038 241 1098 θαι
263 1028 323 1142 τῂν
344 1024 505 1142 ἆδελιμιν·
530 1027 592 1122 ἤδη
614 1029 675 1119 γὰρ
697 1026 783 1098 εἷιαι
811 1028 869 1122 τὴν
890 1026 1097 1147 Ἰφιγένειαν
1098 1024 1242 1140 Αρτὲμι·

176 1119 275 1200 δος
266 1141 404 1231 ιερειαν·
421 1118 529 1225 νόσῳ
564 1121 600 1187 δὲ
631 1118 782 1205 καμόντα
814 1114 1062 1186 καταλιπεῖν
1040 1120 1097 1208 αφ’
1126 1118 1241 1186 ἑαυτοῦ

176 1212 224 1298 τῷ
245 1207 357 1297 χωρίῳ
380 1234 529 1294 cecrope.
578 1211 668 1275 Idem
690 1211 788 1275 fere
780 1231 812 1274 ιιι
838 1212 907 1274 loco
930 1210 1085 1291 Hesychii
1114 1210 1241 1289 Milesii

177 1320 273 1383 quem
311 1299 481 1364 Berlrelius
517 1301 557 1363 ad
592 1300 700 1383 Steph.
732 1300 813 1382 Byz.
843 1302 1105 1383 compar-avite
1107 1301 1238 1383 tapud

174 1389 277 1455 Τιιιι.
300 1389 341 1452 ad
363 1387 439 1470 Lyc
465 1391 538 1454 183.

280 1478 436 1562 Aliquam
466 1481 535 1543 reri
558 1479 697 1562 speciem
722 1478 833 1555 habet,
856 1479 953 1543 talem
976 1478 1119 1542 fabulam
1142 1478 1239 1540 etiam

174 1569 274 1651 poetis
304 1568 442 1633 scenicis
476 1569 645 1632 materiam
679 1567 868 1650 praebuisse
903 1568 957 1632 vel
990 1569 1105 1651 partim
1129 1565 1169 1629 ah
1199 1568 1239 1629 iis

175 1659 339 1721 inventam
375 1676 456 1722 esse.
503 1657 566 1722 Sed
591 1656 741 1740 Chryses,
775 1658 866 1723 urbis
890 1657 1097 1741 Chrysopolis
1120 1675 1240 1739 epony·

176 1766 259 1828 mus,
281 1747 314 1810 in
337 1747 399 1810 hac
421 1748 553 1831 regione
575 1747 672 1811 fictus
696 1747 771 1826 erit3
808 1766 872 1830 quo
896 1753 1039 1831 tempore
1062 1745 1096 1809 id
1118 1745 1241 1809 factum

176 1837 227 1917 sii,
257 1836 353 1919 plane
388 1835 562 1901 obscurum
598 1839 657 1915 est,
691 1842 777 1900 certe
812 1840 920 1900 autem
952 1856 1017 1898 non
1051 1837 1241 1919 antiquiore,

175 1928 363 2009 praesertim
386 1944 462 1989 cum
484 1926 702 2007 intellegatur,
718 1924 863 2005 Chrysen
879 1944 1021 1989 sororem
1040 1924 1239 2008 Iphigeniam

175 2014 261 2097 apud
283 2013 404 2078 Tauros
440 2022 649 2098 quaerentem
674 2015 854 2078 secundum
879 2013 1002 2079 Orestis
1026 2015 1158 2078 demum
1183 2016 1240 2077 mi·

177 2103 340 2186 grationes
361 2105 531 2168 inventum
554 2104 668 2169 fuisse.

283 2190 386 2256 Multo
419 2195 585 2276 graviores
621 2194 815 2257 mutationes
837 2192 949 2257 fabula
985 2197 1094 2257 nostra
1127 2194 1167 2256 ab
1201 2194 1242 2256 iis

179 2300 329 2364 perpessa
361 2286 418 2351 est.
452 2284 510 2365 qui
544 2301 615 2346 eam
650 2287 704 2346 aut
726 2284 922 2366 pragmatIce
945 2287 1164 2347 tractaverunt
1186 2289 1243 2345 aut

181 2371 298 2434 mirum
321 2376 478 2454 quantum
502 2390 659 2436 exornare
682 2370 866 2436 studebant.
900 2371 989 2449 Quae
1013 2373 1072 2436 hoc
1097 2377 1241 2437 extremo

180 2460 249 2523 loco
273 2463 457 2525 summatim
482 2467 614 2545 tangere
636 2462 741 2525 liceat.

286 2548 439 2632 Inprimis
485 2550 731 2614 sacrificium
776 2550 963 2654 Iphigeniae
1001 2551 1041 2613 ad
1086 2553 1241 2615 rationem

181 2636 529 2703 Euhemeristicam
561 2639 706 2723 pellexit
756 2638 857 2703 Cuius
890 2643 938 2705 rei
978 2640 1151 2721 vestiqum
1186 2661 1240 2724 ag·

182 2743 279 2788 nosco
302 2727 387 2791 iniis
411 2748 495 2833 quae
506 2729 592 2813 apud
610 2727 750 2792 Pausan
763 2727 899 2808 ΙΧ19,7
918 2731 1086 2836 leguntur:
1112 2729 1241 2838 λέγεται

181 2804 281 2894 ce',‘
257 2836 302 2891 ως
327 2812 361 2878 ὲν
385 2810 512 2884 Aelim
543 2819 672 2899 πνεῦμα
704 2821 775 2923 heic
777 2811 981 2927 'Eileoi'
948 2842 1005 2884 ουκ
1027 2814 1150 2928 ἐγένετο
1167 2814 1241 2884 ἐπί

179 2926 289 3009 ιμορον,
313 2901 485 3014 φανέντος
492 2905 528 2972 δε
550 2898 747 3018 ε’ξάιφνης
727 2903 846 3016 ανέμου
869 2903 988 3016 σιιίσιν
1004 2899 1112 2989 ουρίοι
1129 2907 1241 2975 θύειν

179 2994 223 3094 τῇ
251 2984 492 3100 Ἀρτέμιδι”
474 3020 534 3061 οτι
557 2993 726 3071 ἕκαστος
748 3017 829 3075 ειχε
850 2993 957 3104 &plia
984 3019 1020 3061 τε
1048 2993 1165 3105 ἱερεῖα
1182 3021 1240 3063 και

179 3069 297 3162 ἄρσενα
324 3074 459 3191 ὁμοίως
476 3109 533 3149 και
562 3076 621 3148 ἆιτ
654 3078 777 3149 ἐκείνου
800 3081 1071 3173 διαμεμένηκεν
1054 3110 1089 3150 av
1111 3079 1238 3153 Αιλίδι

179 3163 291 3232 πάντα
313 3166 355 3234 τὰ
380 3169 482 3258 ιεριῖα
505 3197 591 3238 ειναι
615 3168 750 3255 δόκιμα.

286 3255 409 3323 Deinde
444 3264 530 3345 apud
564 3260 661 3326 Diot.
686 3260 787 3327 Cret.
824 3261 891 3325 Ic
917 3260 957 3325 19
981 3282 1027 3346 sq
1062 3265 1140 3328 haec
1174 3267 1240 3329 fere

179 3352 362 3413 narrantur
410 3348 530 3452 Caprea
564 3371 656 3415 sacra
687 3351 726 3415 ah
763 3353 1006 3434 Agamemnone
1030 3356 1145 3436 occisa,
1167 3355 1240 3418 hor-

177 3436 311 3499 rendam
345 3437 475 3500 luem
467 3441 631 3522 irrupisse
690 3439 828 3521 „Mulier
859 3442 1018 3524 quaedam
1052 3443 1111 3506 deo
1145 3445 1240 3527 plene

179 3523 336 3589 Dianae
327 3545 407 3589 iram
431 3528 476 3590 fat
477 3531 534 3591 ιιι(
559 3536 589 3592 ιι
613 3490 715 3613 aperit
738 3528 923 3632 Iphigeniae
939 3531 1134 3595 sacrificium
1159 3553 1239 3616 opus

179 3633 259 3677 esse
304 3615 503 3699 Agamemno
527 3637 600 3681 cum
624 3619 657 3681 id
681 3625 805 3698 renuat
828 3621 915 3700 regio
938 3620 1060 3684 honore
1083 3623 1240 3704 spoliatur

178 3706 211 3765 et
234 3709 385 3785 quattuor
401 3705 500 3771 dirces
523 3706 724 3771 substituunt
711 3714 774 3772 ιιιι
818 3706 906 3771 lilim
923 3707 1075 3791 Mycenas
1099 3712 1238 3794 prolecto

177 3811 236 3855 oon
239 3793 343 3874 liegii,
367 3800 403 3857 ut
424 3805 500 3860 noto
523 3796 596 3859 dolo
619 3796 819 3881 Iphigeniam
836 3816 947 3861 secum
963 3797 1112 3864 abducat.
1090 3803 1238 3882 t·Aga

179 3900 306 3945 memno
330 3882 440 3964 fugam
451 3893 552 3970 parat,
571 3885 628 3949 sed
644 3904 701 3969 per
716 3889 891 3950 orationem
909 3886 1120 3952 Nestorist
1072 3906 1106 3951 re
1107 3890 1238 3952 tinetur

178 3966 266 4032 Dum
289 3972 381 4054 virgo
404 3974 559 4039 sacrificio
583 3974 759 4039 adornatur
782 3995 899 4056 magna
922 3981 1125 4080 tempestate
1132 3986 1239 4042 coorta

178 4078 262 4138 „vox
287 4062 446 4143 quaedam
470 4065 543 4128 luco
567 4065 700 4128 emissa“
725 4066 861 4146 nuntiat,
884 4065 976 4128 deam
997 4066 1067 4130 eius
1084 4067 1238 4148 misereri,

177 4203 388 4214 ——-—--——..

285 4257 310 4322 1)
329 4251 368 4310 Cf.
387 4256 466 4315 suu.
486 4255 524 4310 Vl
537 4255 587 4312 189
604 4258 632 4310 et
650 4255 744 4322 Geogr.
764 4255 826 4310 min.
846 4255 873 4310 11
886 4254 972 4326 9οη.

1028 4357 1061 4417 4*
