2967 4800
24 4025 40 4142 l

717 314 737 380 3

300 494 331 556 A
355 491 519 558 veteribus
540 492 620 575 ipsis
643 492 798 556 traditum
831 499 879 557 eat
912 491 1157 577 Iphigeniam
1182 494 1257 558 olim

194 600 406 666 cognomen
438 578 592 644 Dianae
622 578 762 667 fuisse.1)
806 579 880 645 Non
912 580 1023 645 dubito
1058 582 1137 666 quin
1164 581 1259 670 Ἰφι·

91 712 95 721 ·
192 668 321 757 γένεια
352 670 394 734 ad
427 673 560 732 natum
591 671 751 753 pertineat
784 676 816 734 et
849 688 926 734 eam
955 669 1049 735 deam
1091 670 1260 754 significet,

193 778 275 843 quae
308 777 376 823 non
410 757 504 821 modo
527 758 598 842 ipra
620 758 693 822 lorti
720 763 800 822 natu
822 760 934 842 itaque
955 764 1069 842 potens
1092 756 1179 844 est2)
1203 760 1259 824 sed

193 850 290 913 etiam
331 846 460 911 feminis
499 846 689 911 mortalibus
722 847 803 911 forte
834 848 856 912 i.
889 867 907 910 e
940 847 1020 911 felix
1053 849 1258 932 puerperium

191 933 369 1022 praestat3)
408 933 518 1000 Obiter
540 936 857 1000 commemoraverim
872 934 997 1000 Cereris
1013 936 1257 1020 appellationem

193 1022 411 1110 Καλλιγένοια
446 1042 489 1088 ex
523 1044 588 1108 qua
620 1030 729 1108 postea
752 1024 901 1089 ministra
923 1025 975 1089 vel
996 1024 1063 1089 filia
1085 1027 1154 1089 eius
1177 1025 1260 1089 facta

195 1110 284 1200 est.⁴)
335 1112 398 1178 Sed
441 1113 524 1176 hanc
558 1130 633 1176 cum
667 1113 836 1197 iphigenia
858 1111 1084 1195 comparanti5)
1107 1118 1139 1177 et
1172 1113 1259 1198 apud

195 1202 397 1284 Hesychium
430 1202 501 1265 loco
536 1198 665 1286 dubioss)
699 1201 837 1285 legenti:
885 1197 976 1290 ἶφίν·
998 1198 1100 1288 καλήν
1121 1203 1178 1265 vix
1202 1201 1259 1265 ali·

197 1293 274 1375 quid
307 1290 502 1356 concludere
535 1289 652 1369 licebit,
686 1293 874 1375 praesertim
911 1310 986 1354 cum
1021 1291 1101 1355 illud
1138 1310 1260 1354 munus

196 1381 323 1445 Cereris
357 1380 534 1445 recentiore
566 1379 696 1443 demum
731 1386 875 1464 tempore
910 1380 1077 1444 excultum
1112 1381 1163 1443 sit.
1219 1379 1258 1442 In

196 1470 331 1534 eandem
354 1469 624 1551 comparationem
647 1468 800 1532 incidisse
824 1468 917 1532 rideo
942 1466 1165 1550 Usenernm.⁷)

306 1557 376 1621 Iam
400 1557 452 1620 hic
476 1556 672 1620 offerendum
696 1564 775 1640 puto
798 1558 882 1639 apud
907 1557 1023 1620 Anton.
1043 1556 1146 1621 Liber.
1171 1576 1199 1620 c.
1217 1555 1258 1618 27

195 1646 382 1731 iphigeniae
413 1645 554 1709 insulam
590 1643 718 1709 leucen
765 1644 921 1709 habitanti
960 1664 1136 1730 cognomen
1180 1637 1261 1729 ’ορ-

196 1730 357 1816 σιλοχία
379 1734 518 1797 ioditnm
541 1731 641 1819 eaeess)
665 1739 696 1798 et
719 1735 804 1818 apud
839 1737 948 1799 Amm.
971 1733 1070 1799 Maro.
1093 1732 1194 1797 XXII
1219 1735 1262 1796 34

197 1822 337 1888 Dianam
360 1823 527 1889 Tauricam
550 1824 652 1905 ipsam
678 1820 867 1887 Orsilochen
892 1824 1009 1887 vocari.
1054 1824 1195 1907 Apparet
1228 1821 1262 1885 id

198 1913 239 1976 ad
263 1932 335 1977 eam
359 1912 451 1975 deam
475 1918 630 1994 spectare,
653 1930 736 1994 quae
760 1918 909 1994 partum
933 1908 1172 1994 promovetil)

307 1999 354 2065 Ut
376 2000 535 2084 permulta
561 2000 596 2062 in
620 1998 744 2063 Dianae
778 1999 933 2082 religione
967 1999 1008 2062 ad
1042 1999 1262 2063 vetustissima

196 2096 341 2174 tempora
356 2085 552 2174 relegant10),
577 2089 624 2152 sic
646 2089 743 2152 etiam
766 2107 850 2171 quae
873 2088 918 2153 de
942 2088 1053 2152 cultu
1076 2087 1263 2172 Iphigeniae

197 2180 380 2242 traduntur.
427 2176 539 2252 Qualia
561 2177 616 2241 ille
631 2175 729 2241 fuerit
747 2178 951 2260 potissimum
970 2177 1075 2240 adhuc
1090 2178 1130 2241 de
1145 2178 1262 2241 Brau-

197 2285 294 2331 rone
316 2266 503 2350 intellegere
525 2266 602 2329 licet
623 2266 734 2349 itaque
759 2266 845 2329 hunc
868 2265 976 2330 locum
1009 2266 1150 2349 primum
1178 2272 1261 2329 trac·

196 2354 272 2421 tabo
295 2356 465 2440 praecipue
487 2356 528 2419 iia
550 2373 630 2420 usus
650 2373 733 2439 qnae
756 2352 1139 2439 Suchieruaprotnlit.¹1)

308 2444 348 2508 In
372 2445 463 2509 exitu
486 2444 590 2527 Iphig.
613 2442 767 2507 Tauricae
790 2443 935 2507 Minerva
962 2444 1147 2528 Iphigeniae
1183 2443 1262 2507 haec

198 2534 391 2597 vaticinatur
413 2553 461 2598 aa.
485 2534 571 2597 1430
595 2552 643 2616 sq.
660 2531 832 2615 (Kchhff.):

287 2621 329 2687 σὲ
353 2622 387 2686 d’
411 2614 513 2709 ἀμφὶ
537 2617 692 2703 σεμνάς,
714 2613 938 2708 Ἰφιγένεια,
960 2614 1159 2703 κλίμακας

286 2707 541 2797 Βραυρωνίας
564 2710 624 2775 δεῖ
647 2710 765 2797 τῆσδε
787 2708 1019 2796 κλῃδουχεῖν
1041 2709 1156 2788 θεοῖς’

288 2787 328 2865 οἷ
351 2798 417 2864 καὶ
441 2796 622 2884 cadaloitae
645 2800 907 2864 κατθανοῦσα
929 2796 995 2863 καὶ
1019 2798 1181 2863 πέπλων

287 2877 444 2973 ἶν’γαλμά
468 2909 534 2954 σοι
556 2883 752 2974 θήσουσιν
774 2879 965 2973 εὐπήνους
986 2879 1099 2974 ὑφάς,

312 3081 338 3143 l)
357 3079 398 3133 Cf.
416 3079 533 3148 Hesych.
551 3095 573 3134 Β.
592 3093 615 3132 v.
634 3078 779 3151 ’lorcya'vata‘
803 3076 817 3146 a}
832 3077 955 3149 Ἀρτεμις.
973 3076 1086 3132 Pausan.
1106 3075 1263 3148 113521'49-

198 3147 303 3218 aepadoc
319 3149 453 3217 ἐπίκλησιν
464 3144 489 3203 ‘1
506 3156 621 3221 ιγενοίασ.

307 3220 334 3289 2)
353 3221 393 3275 Cf.
412 3173 534 3276 Welcder
552 3219 596 3275 Gr.
617 3219 730 3275 Gotterl.
750 3218 847 3273 11402.

308 3296 335 3357 3)
356 3291 497 3346 Koechlina
515 3292 533 3346 l.
552 3307 573 3345 c.
594 3308 619 3359 p.
633 3292 665 3344 11
685 3291 781 3345 vertit:
800 3290 850 3343 Dia
863 3286 1120 3356 Gebnrtamachtige.
1140 3287 1263 3342 alchiam

200 3360 341 3416 Schreiber
357 3363 385 3416 in
404 3362 531 3417 Roacheri
549 3362 635 3418 Lexic.
654 3362 742 3431 myth.
761 3378 787 3429 p.
800 3360 860 3417 573.

307 3431 335 3492 4)
353 3433 392 3488 Ci
411 3434 512 3489 Proller
531 3431 577 3487 Gr.
595 3432 681 3502 Myth.
699 3432 804 3489 1⁸640.

309 3503 336 3572 h)
355 3504 397 3559 De
414 3505 517 3558 Dianae
534 3503 719 3558 coniunctione
737 3519 797 3556 enm
816 3499 911 3556 Cerere
928 3501 961 3555 cf.
980 3499 1059 3554 Cleua
1071 3501 1089 3556 l.
1102 3516 1124 3557 ο.
1137 3519 1162 3570 p.
1176 3501 1213 3557 50
1225 3518 1265 3571 aq.

308 3575 336 3641 6)
354 3574 393 3630 Cf.
412 3575 449 3630 hl.
468 3574 590 3630 Schmidt
607 3575 641 3628 ad
658 3575 686 3629 h
704 3574 722 3628 l.

309 3647 336 3713 7)
353 3645 406 3700 Rh.
424 3646 492 3700 Mna.
510 3644 606 3699 XXIII
615 3645 676 3699 360.

309 3722 335 3774 a»
353 3716 424 3771 Nam
436 3717 474 3771 aic
487 3719 557 3771 certa
569 3716 746 3770 scribendam.
765 3713 800 3771 ci.
810 3711 932 3768 Welclrer
941 3713 985 3767 Gr.
996 3710 1110 3767 Gotterl.
1122 3711 1149 3770 11
1159 3713 1265 3778 colae.

202 3790 245 3845 rel
272 3789 363 3859 potina
392 3805 451 3843 com
472 3786 504 3843 Ο.
521 3786 683 3841 Schneidero
701 3785 813 3840 Nicand.
833 3801 859 3854 p.
873 3785 908 3842 et
934 3777 1097 3853 ’(νρυιλόχεια,
1116 3801 1169 3838 noo
1188 3783 1265 3854 ἀρει-

201 3859 286 3927 λὸχεπι
305 3860 376 3930 qnod
394 3857 424 3915 C.
438 3859 611 3913 Neumannna
629 3858 663 3912 D.
676 3857 781 3911 Hellen.
800 3857 837 3909 im
850 3855 987 3923 Skythenl.
1010 3854 1089 3911 1428
1107 3856 1140 3910 da
1158 3856 1266 3910 numine

201 3932 303 3987 mentia
328 3931 437 4000 accepit.
474 3929 640 3997 Compositio
667 3927 747 3982 hoino
774 3927 846 3981 vocis
875 3926 954 3996 plane
980 3926 1110 3995 originem
1138 3925 1266 3982 Graecam

204 4003 331 4058 oamndit.
358 4002 393 4057 cf.
411 3999 476 4056 Fici
494 4000 539 4055 Gr.
559 3999 766 4054 Peraononnam.
786 3999 845 4054 124.

308 4073 337 4144 9)
355 4072 396 4126 Ci.
414 4072 516 4126 Dianae
534 4070 657 4144 epitheta
674 4070 767 4137 λοχεία,
786 4069 889 4134 εὖλοχοο
908 4066 1008 4122 Preller
1026 4067 1071 4124 Gr.
1090 4067 1239 4127 livera

293 4145 338 4214 10)
356 4143 396 4198 Ci.
415 4141 522 4198 Curtios
540 4143 558 4198 l.
576 4159 598 4197 c.
617 4140 695 4196 1170.

297 4217 341 4284 11)
359 4215 400 4270 De
417 4215 505 4268 Diana
522 4212 677 4268 Brauronia
714 4211 800 4266 lieth.
819 4210 897 4266 1847.

1062 4309 1094 4362 l*
