2967 4800
563 1149 859 1246 Theseu.

660 1356 767 1370 ΜΛΛΛΜ

296 1495 322 1560 Ι.
350 1497 502 1578 Aeschyl.
526 1499 640 1580 egam.
665 1519 712 1562 vs.
737 1501 801 1563 266
824 1500 924 1564 rerba
947 1491 1107 1584 ,ᾔπτερος
1125 1495 1246 1587 φάτιςα

185 1602 259 1646 oum
278 1584 521 1650 Schneidewino
544 1588 591 1650 sic
613 1588 775 1672 intellego,
799 1596 836 1653 ut
858 1591 981 1653 somnio
1005 1591 1149 1673 opposita
1171 1591 1244 1652 sint.

285 1673 327 1737 ΙΙ.
351 1674 439 1740 Pers.
468 1674 530 1739 Sat
554 1674 641 1740 Vld
667 1680 885 1742 recentiorum
914 1678 1061 1741 codicum
1086 1680 1244 1762 scriptura

183 1764 352 1844 „egregius
374 1764 493 1829 lusisse
516 1766 655 1830 senes“
678 1768 887 1850 praeferenda
909 1775 966 1831 est.

259 1851 318 1915 111.
344 1852 431 1917 Num
464 1854 575 1918 olasais
608 1874 723 1937 graeca
747 1863 820 1920 aute
842 1857 968 1919 Troiam
993 1860 1116 1938 captam
1140 1857 1245 1919 ventis

184 1938 329 2003 adversis
359 1946 416 2004 aut
438 1941 662 2008 deficientibus
684 1946 806 2009 Aulide
836 1950 962 2009 retenta
993 1945 1043 2025 sit,
1073 1944 1124 2007 vel
1156 1944 1242 2027 apud

183 2026 311 2090 eosdem
339 2034 450 2113 poetas
477 2036 679 2116 temporum
703 2039 836 2113 constat,
864 2039 901 2098 ut
923 2034 996 2098 hine
1019 2033 1109 2096 nulla
1132 2052 1245 2096 norma

183 2114 223 2177 ad
246 2121 372 2180 textum
396 2119 631 2185 emendandum
654 2124 719 2205 peti
742 2125 850 2208 possit

260 2204 317 2269 IV.
342 2206 431 2271 luter
454 2206 662 2279 mhumenta
683 2212 870 2296 Iphigeniae
893 2211 1033 2275 tabulam
1059 2209 1245 2275 exhibentia

184 2291 311 2357 nullum
335 2296 509 2377 iuvenitur,
547 2300 625 2382 quin
654 2319 726 2364 oum
751 2300 906 2386 Euripide
934 2302 1112 2364 consociari
1134 2302 1243 2384 possit.

283 2381 323 2447 V.
349 2383 469 2450 Vocem
489 2383 586 2476 Appi
609 2413 647 2477 ηρ
666 2409 708 2454 ex
722 2385 927 2479 Δείψμῆτηρ
942 2388 1146 2454 derivandam
1165 2408 1244 2470 esse,

180 2472 270 2553 quod
303 2472 548 2541 Mannhardtius
578 2413 678 2558 fiyth.
711 2479 840 2544 Forsoh.
871 2499 902 2563 p.
927 2480 990 2543 292
1022 2498 1070 2561 sq.
1105 2479 1246 2562 protulit,

182 2563 355 2626 maximam
383 2566 453 2628 veri
475 2567 613 2649 speeiem
636 2567 738 2632 habet.

261 2648 316 2711 VI.
340 2654 532 2737 Analogiam
564 2656 597 2718 in
632 2656 748 2721 studiis
779 2658 931 2740 mythiois
962 2657 1006 2721 ita
1029 2655 1242 2720 adhibendam

181 2753 252 2799 0880
274 2743 361 2821 puto,
395 2749 430 2804 ut
454 2762 551 2826 quam
575 2747 717 2809 maxime
739 2747 885 2810 eiusdem
909 2746 1021 2831 populi
1045 2744 1172 2808 fabulae
1195 2762 1243 2806 re-

179 2825 367 2908 spiciautur.
