2967 4800
684 359 724 422 21

177 540 287 623 regius
320 539 533 618 navigaturus
566 536 651 602 filiae
684 538 882 621 primigenae
928 536 1087 617 sanguine
1127 542 1241 601 ventos

176 628 302 713 placare
339 627 473 707 studeat,
507 626 602 708 plane
635 626 726 690 illinc
759 625 950 690 translatum
985 642 1062 688 esse.
1122 624 1241 690 Cervae

177 723 286 781 antem
309 722 349 779 ut
372 716 503 778 omnino
526 714 667 778 ferarum
691 716 943 779 immolationem
966 713 1000 775 in
1017 711 1150 777 Homeri
1173 733 1241 776 car·

176 805 319 869 minibus
343 805 496 887 ignotam,
518 804 554 866 in
578 803 778 867 Phoenicum
801 804 892 867 cultu
915 820 1068 886 persaepe
1090 803 1240 880 inveniri,

176 914 235 958 nec
257 893 393 957 minime
416 894 449 955 in
472 892 628 976 religione
651 893 729 957 deae
753 893 922 957 cuiusdam
945 890 1110 955 aGraecis
1132 895 1242 974 postea

176 981 298 1046 Dianae
321 983 451 1045 nomine
474 982 660 1065 appellatae.

282 1069 439 1146 Quamvis
462 1070 553 1133 docte
576 1076 608 1134 et
630 1071 791 1153 eleganter
814 1089 851 1133 ea
866 1070 974 1133 omnia
994 1069 1154 1151 disputata
1168 1069 1242 1149 sint,

178 1165 282 1224 tamen
306 1160 359 1222 hic
381 1161 468 1223 iusto
502 1160 631 1242 longius
662 1177 870 1242 progressum
904 1158 1040 1221 ridetur.
1088 1156 1169 1219 Nam
1206 1163 1242 1220 ut

177 1251 329 1330 omittam,
353 1267 474 1311 morem
498 1283 541 1294 -
564 1254 602 1310 nt
624 1246 810 1331 Stengelius
842 1247 1008 1310 voluit-
1032 1245 1126 1309 modo
1149 1247 1242 1309 iuno·

178 1342 352 1401 tescentem
377 1338 435 1400 vix
456 1342 524 1399 tam
546 1336 640 1399 facile
663 1338 799 1400 carmini
828 1337 917 1419 epico
942 1334 1063 1399 Graeco
1097 1335 1241 1397 inseren-

178 1426 256 1489 dum'
279 1427 387 1508 fuisse,
410 1425 496 1488 haud
520 1445 623 1488 unum
646 1427 818 1508 vestigium
843 1428 956 1505 exstat,
984 1423 1123 1487 Graecos
1162 1442 1240 1505 quo·

181 1533 243 1596 que
281 1520 316 1579 ut
349 1516 430 1578 alias
462 1519 575 1597 gentes
610 1515 737 1577 arianas
774 1513 992 1577 vetustissima
1037 1513 1240 1596 potissimum

180 1608 280 1667 aetate
313 1604 381 1668 deis
415 1603 553 1666 hominis
588 1604 687 1666 vitam
733 1599 923 1687 obtulissel).
981 1600 1240 1664 Brauronium

177 1698 284 1756 autem
307 1693 471 1773 cultum,
495 1693 551 1774 qui
574 1696 681 1755 tantae
703 1693 872 1775 gravitatis
896 1696 945 1754 est
966 1691 1006 1754 ad
1031 1692 1172 1774 origines
1195 1689 1241 1751 i·

177 1780 273 1844 bulae
296 1786 426 1846 nostrae
448 1780 702 1864 investigandae,
725 1779 906 1864 Stengelins
922 1799 964 1843 ne
987 1778 1085 1843 verbo
1105 1779 1241 1861 ‘quidem

176 1872 288 1952 tangit.
333 1888 338 1895 ·

281 1958 378 2042 Origo
402 1959 491 2023 vocis
514 1956 741 2039 ,Munichie‘
766 1960 843 2021 satis
867 1956 964 2019 dubia
987 1953 1071 2040 eald)

280 2046 329 2110 De
353 2067 466 2111 cerva
488 2047 653 2131 supposita
675 2045 770 2110 valde
798 2045 919 2126 dubito,
954 2064 1032 2107 num
1057 2043 1240 2126 Steugelius

177 2154 291 2198 verum
322 2136 452 2219 viderit,
488 2156 564 2199 narn
598 2136 678 2198 mihi
713 2136 843 2217 quidem
878 2135 930 2198 hic
960 2153 1025 2196 non
1050 2133 1089 2197 de
1112 2133 1240 2217 proprio

179 2223 335 2287 sacrificio
367 2227 438 2289 eius
471 2226 523 2308 agi
557 2223 699 2287 videtur:
741 2223 822 2288 Cum
861 2242 903 2287 ex
938 2223 1053 2286 litteris
1092 2229 1159 2284 tum
1199 2239 1241 2284 ex

177 2316 397 2377 monumentis
413 2315 649 2395 cognoscimus,
667 2314 730 2375 iam
747 2314 871 2395 pridem
887 2312 971 2375 hanc
986 2312 1127 2374 maxime
1143 2310 1240 2373 leram

178 2421 221 2466 ex
243 2407 309 2465 toto
331 2404 520 2467 animalium
543 2422 643 2487 regno
666 2417 741 2466 cum
767 2402 870 2466 Diana
885 2404 1096 2465 consociatam
1112 2395 1241 2476 fuisse3)

285 2562 310 2630 1)
329 2561 463 2631 Exempla
481 2578 497 2615 a
515 2560 548 2615 V.
571 2559 678 2613 Hehnio
706 2559 851 2627 Kolturptl.
870 2575 897 2614 u.
917 2558 1032 2611 Hausth.
1051 2559 1063 2596 4
1082 2574 1108 2626 p.
1128 2562 1182 2615 438
1200 2573 1240 2630 sq.

179 2631 260 2686 allata
286 2632 357 2686 hanc
384 2632 544 2686 sententiam
565 2632 632 2685 satis
651 2629 834 2699 comprobant.
870 2628 1049 2696 Intellegitur,
1069 2628 1193 2696 inprimis
1211 2631 1241 2682 in

178 2703 315 2827 alul
335 2703 741 2841 amalasuintam
755 2699 1240 2841 laetaniuanuleu

179 2861 231 2913 que
251 2848 408 2915 eaptomm“
427 2844 528 2915 (Sidon.
547 2844 664 2912 Apollin.
683 2844 750 2912 Epp.
772 2843 836 2897 VIII
851 2844 879 2910 6)
900 2842 1122 2897 mactant-De
1132 2841 1241 2894 Graecis

177 2918 214 2972 el.
233 2916 315 2970 etiam
336 2917 491 2984 euprepii
510 2919 538 2969 et
556 2916 581 2970 J.
594 2915 711 2969 Beckers
738 2915 780 2967 De
798 2914 895 2968 hostiis
913 2913 1039 2967 humanis
1058 2912 1129 2981 apud
1148 2912 1241 2965 Graec.

179 2986 295 3044 Monast.
315 2987 385 3042 1867
404 2986 451 3039 ubi
470 2986 614 3055 separatim
634 2988 668 3038 de
685 2984 926 3054 Jovisapollinis,
945 2983 1046 3037 Bacchi
1059 2982 1158 3036 caltua
1178 2983 1240 3036 itur,

290 3057 316 3129 2)
337 3059 476 3123 Quatenus
494 3058 582 3112 Diana
594 3056 744 3125 Monychia
763 3056 807 3109 vel
825 3055 1065 3126 potiusllluuieliia
1084 3071 1144 3107 cum
1155 3000 1240 3106 grau·

182 3129 257 3183 ronia
275 3130 464 3196 coniungenda
482 3130 527 3196 sit,
547 3132 622 3196 parte
640 3127 654 3180 1
673 3127 880 3182 indicatumest.
908 3126 973 3180 Eam
994 3141 1087 3179 vocem
1101 3124 1241 3193 exlingua

178 3200 321 3268 phoenicia
350 3201 491 3254 oriundam
522 3216 581 3253 esse
612 3199 643 3253 0.
662 3197 788 3252 Kellerus
815 3198 884 3255 Mus.
912 3197 998 3251 Rhea.
1026 3195 1100 3250 XXX
1129 3197 1182 3252 304
1209 3199 1241 3251 A.

179 3270 339 3325 Mommseni
366 3272 548 3325 coniecturam
577 3269 678 3339 (Heort.
706 3270 769 3338 467)
796 3272 905 3322 secutus
933 3267 1055 3336 pluribus
1082 3267 1240 3319 confirmare

179 3343 295 3408 studuit3
323 3340 403 3396 aliam
432 3342 611 3410 suspicionem
636 3341 769 3396 Graserue
798 3339 867 3393 Phil.
886 3338 982 3394 XXXI
1001 3340 1017 3393 6
1037 3337 1154 3406 protulit.
1191 3337 1242 3390 Vir

179 3414 351 3468 doctissimus
379 3415 410 3467 A.
430 3412 551 3482 Mueller,
581 3429 661 3481 quein
685 3412 788 3465 dehac
808 3411 963 3479 quaestione
982 3409 1044 3477 adii,
1064 3425 1106 3460 me
1125 3408 1240 3477 benigne

179 3485 279 3553 docuit,
308 3483 468 3538 Mommseni
497 3483 693 3538 derivationem
721 3482 827 3552 legibus
855 3481 963 3546 linguae
989 3480 1067 3549 plane
1086 3479 1241 3546 adversari,

180 3556 213 3607 de
233 3555 341 3609 Graeeri
361 3554 523 3622 etymologia
541 3555 613 3607 idem
631 3554 671 3607 sic
690 3554 807 3607 iudicat:
827 3552 938 3606 Hierliir
956 3552 1016 3606 eine
1037 3552 1152 3620 garrisse
1164 3550 1241 3617 Mig-

180 3625 293 3679 liuhkeit
319 3626 396 3680 nicht
415 3642 448 3679 zu
467 3625 596 3694 la'ugncn,
624 3624 730 3680 obwohl
749 3625 791 3677 dio
814 3623 973 3693 Bedeutnug
992 3621 1178 3691 ,‚Ruheplatz“
1200 3623 1243 3674 ltir

180 3696 242 3749 eine
261 3696 458 3751 Schiffsstation
486 3697 564 3749 nicht
593 3695 792 3750 unbedenlilich
820 3695 963 3748 erscheint
984 3692 1089 3746 —Sed
1109 3693 1188 3746 etiam
1209 3693 1241 3746 de

179 3767 282 3821 Graeca
309 3769 414 3837 origiue
443 3769 523 3821 liuius
552 3767 675 3820 vocabuli
703 3772 733 3820 ut
760 3770 815 3819 tam
844 3781 923 3835 saepe
942 3767 970 3819 iu
988 3764 1092 3818 Dianae
1113 3763 1242 3830 religione

180 3838 269 3893 adhuc
288 3839 357 3892 nihil
375 3843 441 3892 certi
461 3842 572 3893 constat.
610 3837 709 3892 Vocem
736 3837 835 3906 μοῦνος
855 3838 943 3891 inesse
961 3835 1035 3904 linga
1054 3837 1136 3888 attica
1155 3838 1241 3896 uetat3

181 3925 233 3962 uon
254 3909 344 3963 minus
371 3910 491 3964 diltieilis
510 3915 551 3962 est
569 3909 723 3963 terminatio
742 3939 776 3948 -
795 3931 844 3973 ιχιιι
864 3909 897 3962 ct.
918 3908 1000 3961 etiam
1020 3907 1052 3961 G.
1070 3905 1177 3960 Curtius
1195 3904 1242 3959 Gr.

180 3979 223 4034 Et.
241 3980 326 4037 bilii.
346 4010 380 4020 —·
400 3980 501 4046 Quodsi
528 3979 652 4034 Kellerus
681 3984 781 4050 monet,
810 3984 1037 4033 aamemnoueoi
1066 3978 1110 4030 liic
1139 3977 1242 4030 Dianae

181 4050 311 4118 templum
341 4052 502 4120 condidisse,
529 4067 561 4105 ea
579 4051 698 4104 narratio
716 4058 776 4120 post
796 3997 969 4104 Aulidensem
990 4049 1098 4102 demum
1118 4053 1175 4102 orta
1193 4052 1242 4103 ost.

181 4121 220 4176 CL
238 4122 378 4262 pugil&
398 4123 504 4248 1ΡΒᾹΘΙΙοτ
533 4194 577 4248 Gr.
610 4191 646 4248 M.
669 4192 695 4245 1⁴
712 4192 773 4248 302.
810 4192 896 4247 Cerva
924 4191 1019 4245 iisdem
1049 4190 1137 4244 causis
1162 4189 1241 4242 etiam

180 4261 302 4334 Apollini
320 4265 463 4333 praecipue
482 4270 557 4336 grata
575 4267 633 4318 erat
651 4263 684 4318 ct
704 4263 808 4317 Preller
826 4264 871 4318 Gr.
891 4261 927 4317 M.
945 4261 1044 4315 liare
1063 4271 1088 4314 ot
1107 4259 1137 4316 Ο.
1152 4259 1243 4313 Keller
