2967 4800
677 299 719 364 31

155 475 313 563 superbia
335 483 444 543 autem
468 496 535 542 non
559 482 837 542 commemoratur.
883 473 925 539 In
948 476 1080 561 prologo
1102 477 1233 563 Iphige-

158 570 219 632 nia
242 574 363 645 namet,
386 585 420 631 se
442 567 521 631 olim
553 584 612 650 per
634 564 766 630 Ulixem
800 566 923 649 nuptiis
952 566 1113 629 simulatis
1136 567 1231 631 Auli·

156 657 236 721 dem
259 655 430 720 abductam
465 673 537 720 esse
560 659 592 718 et
615 659 715 718 matre
737 661 771 718 et
793 653 905 718 Oreste
932 653 1029 718 fratre
1063 654 1151 717 domi
1181 675 1232 720 re·

157 746 262 822 lictis3
286 743 414 809 Electra
435 744 521 808 iufra
543 763 590 807 vs.
614 743 678 805 550
706 745 909 808 nominatur:
939 738 1093 808 λέλοιπεν
1119 734 1235 809 'Hier-

156 858 243 919 τροιν
274 855 310 919 ye
341 829 510 918 παρθένον
542 826 652 914 μίαν.
698 831 938 912 Chrysothemis
967 832 1067 915 igitur
1099 832 1153 895 hio
1184 834 1232 917 ig·

156 930 240 989 nota
264 926 320 987 est
365 920 414 985 De
444 920 601 985 sacrificio
634 919 803 1004 Iphigenia
825 922 1005 985 secuudum
1036 919 1232 986 Graecorum

155 1013 350 1098 opinionem
373 1017 410 1074 ut
430 1029 507 1075 rere
530 1014 657 1094 peracto
680 1007 865 1095 loquiturl)
912 1008 1095 1074 sacerdotio
1130 1012 1232 1075 etiam

158 1100 250 1186 apud
282 1099 468 1183 Euripidem
502 1097 707 1162 Calchantem
739 1097 831 1180 fungi
863 1106 942 1182 puto
976 1098 1028 1183 (cf.
1060 1097 1084 1162 I
1117 1097 1150 1164 T.
1182 1119 1229 1164 vs.

160 1191 230 1254 519
253 1185 330 1275 sq.);
355 1208 430 1252 nam
454 1189 482 1251 si
505 1185 653 1271 pluribus
676 1184 783 1272 locis2)
804 1187 941 1270 legimus
968 1193 1091 1271 patrem
1124 1188 1231 1271 ipsum

160 1278 343 1343 litationem
368 1278 540 1360 peregisse,
564 1274 597 1338 id
621 1277 729 1339 auimo
753 1281 911 1340 commoto
935 1275 1143 1340 tribuendum
1172 1286 1228 1340 est

159 1365 295 1430 -Sed
328 1385 364 1430 se
391 1385 409 1428 a
432 1362 537 1428 Diana
570 1369 729 1428 servatam
761 1365 848 1447 apud
880 1364 1001 1428 Tauros
1035 1366 1231 1430 sacerdotem

162 1457 279 1520 iactam
304 1449 413 1539 esse,3)
436 1452 605 1536 Iphigenia
627 1455 744 1537 pergit3
769 1454 830 1516 hoc
852 1460 994 1538 tempore
1025 1473 1060 1518 se
1083 1453 1124 1517 ob
1148 1473 1232 1518 som·

273 1663 300 1733 1)
320 1661 392 1717 Nam
410 1663 547 1717 exercitus
566 1663 685 1716 Graecus
704 1676 811 1715 cervam
825 1662 995 1730 suppositam
1004 1661 1137 1731 virginem
1145 1663 1233 1731 ipsam

162 1749 181 1788 a
207 1733 258 1787 dea
284 1734 377 1788 caedis
404 1739 540 1788 momento
568 1747 726 1788 conversam
756 1732 865 1786 credere
894 1731 1016 1788 debebat.
1052 1733 1086 1787 ol.
1105 1733 1234 1788 Welcler

168 1803 240 1858 lius.
257 1802 346 1860 Bhen.
364 1805 390 1857 V
408 1805 463 1859 458
481 1806 517 1861 cf.
535 1807 618 1859 eliam
637 1802 754 1858 vs.172:
772 1805 845 1856 ἔνθα
858 1799 1233 1876 δοκήμασικοῖμαισφαχθοῖσ’

163 1871 316 1943 citimam.
351 1875 381 1931 Si
409 1875 552 1945 Iphigenia
582 1877 615 1929 de
634 1889 664 1929 ae
682 1875 743 1943 lpea
761 1874 842 1928 dicit:
861 1871 1002 1941 ἐκαινόμην
1019 1874 1086 1946 ξίφει
1105 1885 1158 1943 (νο.
1176 1876 1233 1947 27),

165 1945 315 2001 Koechlina
332 1947 392 2001 iure
410 1948 528 2012 aduam,
547 1947 576 2000 id
594 1948 755 2000 conatum
773 1944 813 1997 rei
832 1943 970 1998 faciendae
988 1945 1151 2013 significare.

273 2017 300 2083 2)
318 2017 395 2073 Uti
417 2019 444 2072 h.
462 2016 540 2072 Taur.
560 2017 622 2071 360.
640 2014 701 2070 565.
722 2014 783 2068 784.
801 2013 863 2068 853.
882 2015 944 2070 992.
965 2014 1035 2069 1083
1054 2020 1105 2073 etc.

275 2088 303 2158 3)
320 2088 369 2144 Est
395 2036 474 2143 flacus
500 2087 548 2141 ille
576 2084 696 2141 difficilia
722 2085 893 2154 multumque
914 2090 1034 2141 tentatus
1062 2102 1103 2142 vs.
1122 2087 1157 2141 34
1175 2101 1232 2155 sq.:

375 2167 464 2214 ναοῖσι
481 2157 506 2211 d‘
525 2164 555 2211 dv
571 2156 658 2212 τοῖσδ’
676 2158 759 2226 ἱερὰιν
782 2159 878 2223 τίθησί
897 2179 938 2226 με,

379 2229 451 2285 ὅθεν
468 2228 573 2283 νόσοισι
590 2226 685 2283 τοισίδ’
704 2225 796 2295 isdercii
814 2227 868 2281 θεὰ

369 2301 487 2372 Ἄρτεμις
504 2301 588 2368 εὀτῆι,
616 2298 728 2368 τοῦνομ’
752 2298 782 2366 ἧς
799 2297 879 2351 miv
896 2295 990 2367 μόνον,

379 2374 414 2429 τὰ
432 2372 457 2426 d'
475 2369 539 2425 illa
557 2371 623 2443 σιγῶ
640 2368 691 2439 τὴν
708 2369 778 2424 θεὸν
795 2375 958 2443 φοβουμένη.

378 2448 457 2499 θείου
475 2442 525 2515 γὰρ
542 2441 690 2499 ὄντοστοῦ
706 2440 791 2510 νόμον
809 2449 851 2494 uui
869 2448 932 2510 πρὶν
944 2437 1025 2502 nolae,

377 2513 407 2573 ὃς
427 2514 463 2600 (ἲν
480 2513 598 2586 κατιῖθῃ
617 2511 696 2596 τήνδο
714 2514 765 2583 γῆν
776 2509 873 2597 ‘'quil''
890 2508 957 2580 ἀνήρ
975 2539 1010 2550 —-

208 2718 214 2728 ,
276 2650 321 2734 ο
338 2608 543 2721 lituae?
560 2608 616 2727 tu
634 2580 1110 2712 titc.ttltumt.n.
1127 2651 1231 2706 ...a

168 2716 394 2783 eramowrtzius
421 2728 440 2783 l.
465 2745 488 2782 ο.
517 2727 596 2796 uota
626 2725 732 2795 lougius
762 2724 916 2779 coniectura
944 2727 1094 2793 provectus,
1125 2722 1154 2775 in
1179 2721 1231 2776 hac

169 2789 271 2845 houna
294 2797 365 2850 caeci
388 2798 462 2853 illins
492 2799 564 2852 ritus
589 2800 676 2851 αἴτιον
706 2801 844 2851 narratum
871 2801 961 2864 putat,
988 2797 1103 2861 apoeta
1120 2792 1233 2847 forsitan

167 2877 234 2914 curu
263 2862 406 2923 domestica
432 2869 576 2924 traditione
605 2869 637 2921 de
655 2868 760 2937 origine
780 2867 958 2921 caerimoniae
977 2865 1141 2919 Brauroniae
1159 2864 1232 2919 coui-

169 2935 300 2997 nnetum3
318 2935 374 2992 huo
391 2956 430 2995 va.
450 2942 485 2994 35
504 2939 671 2993 referendum
690 2954 759 2992 ease.
796 2937 941 2992 Koechlins
959 2941 1049 2990 autem
1068 2936 1097 2989 in
1115 2935 1232 2990 editione

168 3018 221 3057 ena
238 3020 294 3061 vas.
314 3006 349 3063 36
367 3015 395 3064 et
412 3012 447 3068 38
467 3010 574 3064 omissis
592 3025 633 3063 vs.
652 3010 687 3068 35
706 3009 747 3062 aic
765 3008 872 3064 scribit:

447 3078 517 3135 ὅθεν
533 3079 644 3150 νόμοισι,
665 3086 778 3132 τοῖσιν
796 3076 886 3145 ἥδεται
904 3074 965 3133 θεά.

276 3146 353 3214 Quod
383 3152 412 3205 in
441 3152 501 3209 Iud.
531 3152 604 3208 lectt.
633 3149 721 3207 Turio.
755 3150 825 3205 1860
856 3149 914 3220 pi
945 3163 986 3216 sq.
1018 3148 1141 3216 pluribus
1168 3166 1231 3203 con·

168 3214 275 3271 firmare
305 3221 418 3276 studuit
454 3222 511 3276 alii
533 3223 611 3277 alitor
638 3222 681 3276 his
710 3221 835 3275 versibus
867 3218 1040 3273 restituendis
1058 3235 1165 3289 operam
1184 3220 1231 3273 de·

171 3285 275 3346 derunt.
320 3289 440 3355 Quorum
459 3294 579 3348 omnium
609 3294 740 3360 optimum
765 3294 939 3363 conspectum
964 3289 1074 3359 praebet
1092 3288 1231 3344 Wecklein

169 3356 266 3412 Anual.
296 3359 362 3429 phil.
393 3367 413 3417 t.
443 3362 531 3418 CXIII
561 3382 587 3434 p,
611 3363 647 3418 82
677 3380 718 3433 sq.
749 3362 816 3417 hlihi
850 3362 960 3431 quidem
992 3360 1063 3414 nihil
1096 3361 1232 3415 excidisse

170 3431 219 3482 aut
236 3431 396 3485 mutandum
424 3433 538 3489 videtur.
574 3435 644 3489 Nam
673 3450 714 3488 va.
742 3434 849 3489 351100
871 3431 1015 3487 siticult:
1044 3431 1233 3502 Iphigenia

168 3498 278 3577 demum
306 3515 383 3556 sacra
411 3510 522 3557 curante
548 3505 664 3560 Dianam
692 3505 767 3559 cultu
796 3505 926 3574 Scythico
958 3503 1106 3572 gaudere
1139 3504 1232 3572 itaque

170 3567 239 3650 illud
265 3567 336 3624 ὅθεν
363 3576 394 3626 ut
421 3573 487 3629 God.
509 3574 679 3631 Hermanuus
706 3576 741 3629 ad
768 3576 796 3629 h.
826 3575 844 3630 l.
862 3580 954 3629 monet
971 3590 1003 3627 eo
1022 3577 1132 3643 spectat,
1161 3575 1232 3645 quod

169 3636 310 3706 Iphlgenia
346 3645 471 3699 sacerdos
511 3647 581 3700 lacta
614 3649 667 3703 est.
708 3646 770 3700 Sem
806 3662 820 3699 r
855 3652 947 3700 autem
982 3644 1125 3713 Iphigenia
1161 3647 1233 3699 inter

170 3723 271 3764 morem
311 3715 482 3770 sacrificandi
514 3717 670 3772 iamdudum
708 3713 764 3788 apri
811 3715 912 3771 Tauros
947 3718 1078 3770 usilatum
1110 3720 1137 3770 et
1167 3716 1231 3771 Dia·

170 3795 222 3833 nae
241 3781 357 3839 Graecae
377 3786 533 3854 religionem
565 3788 627 3841 iude
646 3805 663 3843 a
681 3804 730 3842 suo
755 3789 877 3842 adventu
904 3787 1005 3842 crudeli
1035 3787 1102 3841 mori
1120 3787 1232 3843 Taurico

170 3850 322 3920 adaptatam
342 3856 472 3911 dlecernit
495 3857 539 3927 (cl.
559 3859 629 3929 inpr.
649 3875 688 3916 ve.
708 3859 761 3914 372
780 3859 831 3928 sq.)
859 3861 977 3927 itemque
1005 3858 1102 3913 chorus
1130 3859 1233 3913 dubitat

171 3925 222 3986 tva
240 3927 303 4003 ‘449
331 3933 382 3996 sq.)
409 3944 473 3982 num
503 3929 570 3982 haec
598 3930 729 3985 sacrificia
756 3930 821 3984 deae
849 3930 1009 3984 domesticae
1036 3933 1147 3998 accepta
1164 3931 1231 3998 sint3

169 3995 345 4121 Beieanprigss,
364 3999 568 4125 putoniamtper
596 3998 714 4055 Graecos
744 4002 851 4055 demum
881 4017 983 4054 numen
1010 4001 1150 4056 barbarum
1169 4018 1229 4056 cum

338 4085 395 4123 nux
428 4086 454 4122 ru
473 4087 524 4124 ea.

276 4134 358 4193 Nulla
375 4141 461 4208 igitur
479 4157 567 4206 musa,
587 4156 635 4194 our
654 4141 862 4197 Wilarnowitzio
887 4143 1088 4198 antecedentem
1107 4142 1232 4200 hornam

168 4205 355 4265 concedamus
376 4240 411 4251 —
431 4213 508 4268 Certe
526 4229 588 4266 cum
607 4210 764 4266 mellorihus
783 4231 846 4269 mss.
869 4213 1041 4269 scribendum
1066 4217 1107 4268 est
1128 4213 1232 4281 τοιοίδ’,
