2967 4800
692 255 734 319 41

323 434 367 498 Π.
390 434 559 519 Iphigenia
582 433 622 497 ad
645 455 731 498 aram
757 438 939 519 portatur
968 434 1125 499 bracchiiS
1152 436 1247 500 vehe-

168 528 302 588 menter
325 525 494 606 porrectis:

395 613 423 678 l.
446 612 486 675 In
519 616 595 675 nota
628 612 755 695 pictura
787 611 992 695 Pompeiana,
1026 632 1114 676 nunc
1149 614 1247 676 etiam

499 700 681 784 Vorlegebl.
705 699 773 765 Ser.
797 700 829 761 V
852 701 916 764 rat
933 701 1011 766 VIII
1035 701 1202 765 delineata.

392 791 421 854 2.
445 790 485 853 In
509 790 599 853 urnis
623 791 758 853 etruscis
782 816 823 846 :
847 789 962 854 Brunn
986 790 1075 854 Ume
1098 794 1155 855 etr.
1178 788 1245 853 ras.

497 876 800 942 XXXV-XLVII
824 879 942 943 1-26.

103 983 218 1039 ‘rw
289 958 454 1072 Tipianthis
489 986 579 1051 opus,
618 967 778 1050 siquidem
817 968 1009 1032 sacrificium
1047 970 1154 1051 ipsum
1190 987 1246 1030 er-

167 1055 294 1136 hibuit,
317 1075 390 1119 cum
414 1057 519 1139 priore
554 1056 656 1119 classe
690 1057 950 1139 coniungendam
985 1075 1064 1135 esse,
1098 1057 1247 1138 inprimis

170 1145 271 1209 docet
292 1143 388 1276 1Plin.
412 1143 544 1208 XXXV
570 1144 620 1226 10,
646 1143 700 1208 36:
735 1165 799 1228 qua
831 1150 960 1210 stante
994 1146 1034 1209 ad
1069 1165 1158 1208 aram
1192 1164 1247 1228 pc·

168 1232 318 1315 ritura.)

281 1535 333 1615 [te
364 1533 605 1615 monumentis
634 1535 680 1613 ad
709 1533 926 1633 intlueniam
956 1535 1147 1616 Tauricam

579 1640 856 1737 pertinentibus.

288 1782 337 1845 De
375 1782 514 1864 singulis
548 1783 626 1844 satis
666 1782 725 1844 erit
764 1781 951 1863 diligentem
998 1782 1249 1866 disputationem

170 1867 339 1952 Roberti2)
362 1870 530 1953 appellare.

266 1958 292 2021 I.
316 1957 347 2043 a)
373 1957 519 2022 Orestem
543 1959 720 2041 collapsum
745 1964 776 2021 et
798 1977 816 2020 a
841 1958 962 2040 Pylade
986 1959 1127 2021 levatum
1151 1960 1186 2020 in
1210 1978 1247 2023 ea

390 2048 620 2130 compositione
644 2048 826 2129 aspicimus
850 2050 943 2111 cuius
963 2048 1111 2130 exempla
1127 2046 1247 2110 Rubor-

390 2142 443 2199 tus
467 2136 488 2201 l.
513 2155 539 2197 c.
562 2156 592 2218 p.
619 2136 682 2199 138
712 2134 774 2199 sub
804 2137 834 2198 A
852 2136 876 2199 (1
896 2135 925 2199 D
950 2138 1139 2219 composuit,
1161 2137 1247 2200 inter

391 2244 473 2307 quae
506 2225 652 2308 proxime
683 2224 723 2287 ab
762 2225 885 2307 origine
925 2244 986 2288 sua
1023 2225 1135 2289 abesse
1167 2230 1246 2308 puto

389 2313 565 2376 Winkelm.
597 2312 639 2375 M.
670 2312 697 2378 I.
735 2313 797 2376 150
833 2342 873 2370 z
906 2313 1247 2377 Benndorf-Schoene

389 2401 527 2466 Lateran
550 2403 623 2466 469.

310 2491 348 2576 b)
373 2492 561 2555 Admodum
596 2492 710 2555 similis
746 2496 793 2553 est
828 2490 945 2553 Overb.
969 2489 1015 2555 H.
1041 2491 1077 2554 G.
1101 2490 1247 2554 XXX3

390 2581 497 2645 media
520 2581 717 2663 compositio,
753 2580 816 2642 nisi
843 2580 930 2662 qnod
953 2580 1004 2642 hic
1033 2582 1128 2644 etiam
1153 2580 1249 2660 Pyla·

394 2670 451 2733 des
474 2671 610 2734 inertem
634 2669 796 2733 tristitiam
823 2669 975 2732 ostendit.

251 2754 296 2820 Π.
322 2756 352 2819 1.
376 2757 459 2821 Miro
492 2759 586 2822 modo
621 2778 658 2821 ea
692 2763 902 2821 monumenta
939 2757 1130 2841 conspirant,
1166 2774 1248 2838 quac

176 2840 323 2908 Orestem
348 2854 380 2910 et
401 2846 559 2927 Pyladem
584 2854 658 2910 ante
681 2846 884 2929 Iphigeniam
911 2847 1024 2909 ductos
1048 2844 1213 2908 exhibent:

310 2932 343 3019 a)
368 2936 500 2999 Pictura
524 2936 728 3018 Pompeiana,
764 2933 865 2999 Arch.
892 2935 939 2998 Zt.
965 2935 1051 2997 1875
1074 2931 1139 2996 Tar.
1165 2931 1249 2994 XIII

389 3024 511 3109 publici
533 3026 614 3087 inris
637 3024 730 3088 facta.

309 3109 343 3197 b)
366 3112 497 3176 Pictura
513 3112 770 3177 Herculanensis
791 3141 832 3169 .-.
852 3110 971 3174 Overb.
986 3109 1029 3173 H.
1050 3109 1089 3173 G.
1105 3108 1207 3172 XXX
1219 3110 1249 3185 9,

391 3201 510 3285 Helbig
535 3204 621 3265 1334
644 3204 677 3264 in
702 3202 806 3284 spatio
832 3203 935 3285 magis
960 3200 1101 3261 diducto.

311 3288 342 3371 c)
365 3288 472 3353 Media
495 3292 682 3374 compositio
706 3292 741 3352 in
767 3292 965 3374 sarcophago
983 3287 1191 3351 Weimarano
1206 3312 1246 3341 =

389 3376 504 3442 Overb.
536 3379 642 3444 HG.
668 3377 769 3442 XXX
796 3382 816 3443 2
854 3388 885 3443 et
918 3397 1045 3462 gemma
1068 3375 1167 3438 Arch.
1197 3372 1244 3437 Zt.

392 3466 476 3528 1875
499 3467 563 3530 rat
587 3467 654 3532 XII
678 3467 851 3533 delineata.

497 3555 583 3620 Nun]
633 3558 830 3641 archetypus
870 3557 969 3619 huius
1008 3549 1252 3634 compositionis

393 3641 501 3728 (a-c)
517 3665 590 3709 cum
607 3647 749 3728 imagine
766 3645 966 3710 Timomachi
982 3643 1160 3720 cohaereat,
1183 3659 1250 3703 non

390 3733 529 3797 discerni
552 3733 695 3821 potest3)

177 3892 248 3899 .-.-..
251 3893 389 3900 ..η-.-

179 4033 196 4086 2
224 3962 311 4082 2151)
329 3960 417 4014 Aliier
444 3962 598 4030 nuperrime
618 3962 661 4018 W.
681 3962 764 4020 Klein
796 3965 885 4020 Arch.
910 3979 952 4029 cp.
971 3959 1063 4015 nium.
1082 3973 1106 4012 a.
1124 3957 1197 4010 Oest.
1217 3955 1256 4009 XI

284 4101 312 4166 ⁶2)
332 4103 414 4156 Arch.
434 4103 474 4155 Zt.
494 4103 563 4156 18ἴό
583 4120 608 4171 p.
631 4105 682 4157 133
701 4121 741 4175 sq.

283 4171 310 4240 3)
331 4173 370 4229 Ci.
390 4173 492 4226 Robort
509 4173 526 4226 l.
546 4193 569 4233 c.
588 4191 615 4243 p.
640 4177 698 4229 134.
