2967 4800
699 314 740 378 15

287 488 429 554 Fabulae
463 488 567 552 adhuc
599 490 711 554 allatas
745 509 858 555 omnes
892 492 1072 573 antiquiore
1107 497 1248 575 tempore

182 583 206 646 i.
240 598 267 644 e.
304 597 413 662 usque
448 578 487 641 ad
523 579 689 642 saeculum
724 581 875 662 quintum
914 587 998 643 ortas
1046 579 1246 645 crediderim.

183 668 281 734 Nunc
314 668 412 732 etiam
447 668 713 750 posteriorum
749 668 960 750 legendarum
993 670 1132 732 varietas
1165 688 1249 751 quae

186 761 251 822 iam
273 757 386 820 minue
409 757 578 838 gravitatis
600 755 715 820 habeat
749 755 890 821 breviter
913 758 1155 840 complectenda
1177 759 1248 821 erit.

290 844 361 909 Nec
383 846 515 908 minime
538 844 793 909 simulacrum
816 845 1020 909 Taurinum
1042 847 1163 929 largam
1180 865 1247 908 ma-

188 935 300 999 teriam
338 933 496 1016 praebuit
559 931 641 997 Nam
676 954 752 998 oum
786 935 909 997 reditus
943 934 1130 1019 Iphigeniae
1163 936 1248 997 inter

188 1040 301 1086 omnes
323 1028 421 1085 notus
445 1026 539 1100 esset,
563 1027 718 1087 certatum
741 1023 804 1085 fuit
826 1023 959 1086 ubinam
982 1025 1161 1107 genuinum
1185 1025 1249 1106 sig·

189 1130 268 1175 num
300 1111 526 1193 possideretur.
584 1110 764 1175 Pausanias
798 1111 947 1189 1111e‚7
984 1112 1116 1196 Spartae
1149 1111 1248 1175 favet:

192 1199 387 1265 Brauronioe
411 1199 497 1262 enim
520 1198 553 1261 id
576 1205 642 1263 tam
668 1202 755 1284 parvi
785 1203 978 1281 aestimasse,
1002 1207 1038 1265 ut
1064 1200 1148 1264 bello
1171 1200 1249 1264 Per·

190 1289 255 1352 sico
289 1287 436 1352 hostibus
474 1287 610 1371 praedae
643 1289 874 1372 relinquerent.
929 1289 1021 1354 Certe
1061 1299 1168 1353 autem
1211 1295 1249 1352 ut

186 1375 374 1460 Robertusl)
397 1377 473 1441 iure
491 1382 581 1440 notat
603 1383 697 1442 retus
718 1379 827 1461 lignea
855 1384 959 1442 statua
982 1397 1108 1463 semper
1129 1380 1249 1441 intacta

189 1465 272 1548 apud
296 1465 493 1529 Brauronios
517 1466 611 1529 stetit.

292 1553 409 1618 Paucis
444 1555 602 1637 exemplis
633 1555 842 1637 comprobare
864 1556 971 1635 liceat,
1006 1555 1167 1638 quomodo
1191 1574 1249 1618 ex·

187 1644 270 1705 terni
293 1644 379 1707 ritus
402 1662 478 1706 cum
507 1644 639 1725 graecis,
668 1645 816 1726 inprimis
843 1642 1052 1729 Brauronio2)
1082 1645 1250 1708 commixti

185 1731 312 1796 fabulae
347 1738 478 1794 nostrae
514 1750 598 1795 nova
633 1734 832 1796 incrementa
856 1733 1030 1796 attulerint
1081 1734 1249 1816 Amphi·

187 1820 277 1902 poli,
311 1839 377 1903 quo
401 1820 614 1885 Athenienses
649 1822 807 1885 coloniam
843 1821 1052 1901 deduxerant,
1083 1822 1124 1885 ob
1155 1824 1249 1886 deam

185 1906 400 1992 Tauropolam
434 1907 480 1971 ibi
514 1915 701 1973 veneratam
743 1910 852 1973 cultus
892 1908 1015 1973 Dianae
1049 1909 1250 1974 Brauroniae

187 1997 358 2063 institutus
392 1994 482 2078 est3)
542 1996 667 2062 Deinde
708 2005 816 2061 autem
859 1998 911 2061 vel
949 2004 1073 2061 remota
1111 2000 1250 2081 oppida

188 2087 309 2150 Asiae
331 2085 533 2170 Iphigeniam
558 2091 589 2150 et
613 2084 758 2151 Orestem
780 2122 824 2134 —·
846 2106 922 2150 nam
946 2085 1110 2171 Euripidis
1141 2087 1250 2152 fabula

188 2179 259 2235 tum
280 2175 345 2237 iam
366 2175 451 2238 inter
472 2193 583 2239 omnes
605 2181 681 2239 nota
704 2176 802 2260 erat‘)
824 2211 867 2223 —
891 2182 1135 2240 monumentum
1152 2178 1250 2240 huius

189 2262 354 2344 religionis
387 2263 474 2346 apud
508 2283 578 2328 sese
620 2265 793 2328 collocasse
835 2268 980 2328 oenatim
1018 2264 1250 2349 gloriabantur.

189 2348 306 2433 Itaque
328 2353 414 2436 apud
437 2352 576 2417 Pausan.
599 2352 744 2436 11116,8
767 2353 899 2438 legitur:
923 2345 1170 2442 ἀμφισβητοῦσι
1192 2352 1252 2436 μὲν

188 2435 418 2519 Καππάδοκες
445 2436 477 2506 oi
501 2437 563 2506 τὸν
585 2435 734 2519 Εὔξεινον
756 2439 920 2520 circinum
948 2439 987 2508 τὸ
1011 2434 1142 2528 ἶίγαλμα
1164 2435 1250 2508 εἶναι

187 2525 281 2612 παρά
319 2551 445 2617 σφισιν,
483 2522 731 2619 ἀμφισβητοῦσι
764 2529 880 2596 δὲκαὶ
910 2532 1047 2614 Λυδῶν,
1079 2522 1130 2609 οἷς
1160 2530 1252 2597 ἔστιν

187 2611 272 2702 ἱερὸν
300 2609 487 2703 Ἀρτέμιδος
509 2611 719 2697 Ἀναιΐτιδος.
771 2619 899 2684 Scimus
930 2621 1019 2684 hisce
1047 2621 1127 2685 locis
1162 2642 1250 2704 mag·

187 2725 245 2769 nae
268 2707 346 2770 deas
376 2709 515 2792 propriis
537 2710 740 2773 caerimoniis
775 2710 879 2773 cultas
912 2709 1020 2790 fuum,
1055 2729 1137 2793 quae
1170 2710 1251 2774 forte

187 2789 312 2859 Dianae
335 2794 489 2860 Tauricae
522 2798 575 2862 rel
609 2797 750 2862 Graecae
773 2805 810 2862 ut
837 2798 1036 2862 Brauroniae
1062 2801 1249 2863 memoriam

186 2882 382 2948 excitabant.
427 2884 496 2949 Neo
532 2888 639 2950 minus
667 2885 883 2950 Comanenses
917 2887 996 2951 deae
1030 2907 1107 2951 suae
1137 2907 1251 2970 graece

189 2969 283 3052 Enyo
307 2973 483 3056 appellatae
506 2974 547 3038 ab
569 2976 825 3054 Agamemnonis
858 2974 970 3039 liberis
1004 2995 1094 3039 sacra
1122 2976 1250 3039 condita

186 3077 257 3123 esse
291 3060 354 3123 sibi
378 3061 625 3148 vindicabanta)
669 3063 708 3126 In
737 3062 936 3148 Cappadocia
970 3065 1021 3128 vel
1045 3064 1110 3127 duo
1134 3065 1250 3149 oppida

189 3146 282 3210 iuxta
304 3150 364 3213 sita
388 3152 613 3216 asseverabant
636 3170 671 3216 se
693 3152 839 3236 gladium
855 3152 1041 3237 Iphigeniae
1064 3189 1107 3198 -
1130 3155 1251 3218 scilicet

188 3327 401 3340 -.ᾖ

295 3428 324 3488 ll
342 3428 421 3485 Areh.
440 3431 540 3488 Mireh
561 3432 620 3488 148.

294 3498 323 3565 2)
342 3497 381 3555 CI.
401 3501 528 3557 Plutarch
546 3503 608 3561 virt.
628 3503 691 3558 rnul.
709 3504 776 3558 247:
806 3503 847 3571 (τό
875 3503 988 3575 ἄγαλμα)
1017 3508 1052 3560 eir
1074 3505 1189 3570 Arjuror
1217 3511 1251 3558 ἐκ

94 3575 99 3588 ’
190 3570 349 3639 Βραυρῶνος
383 3575 528 3640 κομισθέν,
567 3581 596 3628 ἐκ
631 3575 659 3627 di
690 3572 803 3644 Λήμνου
839 3574 1056 3641 πανταχόθεν
1092 3595 1250 3645 σι’μπερι·

189 3638 383 3727 opiparor..
411 3643 546 3713 lamprid.
565 3645 613 3730 rit
633 3646 736 3715 Heliog.
756 3662 778 3700 c.
792 3646 820 3730 ’ΖΞ
839 3646 877 3701 ut
894 3644 1017 3728 Orestem
1037 3645 1143 3715 quidem
1162 3646 1252 3701 ferunt

175 3726 242 3808 Ιιιοιι
261 3726 342 3837 ppppn
361 3714 530 3769 nmmaerum
548 3716 651 3772 Dianae
671 3733 721 3773 nae
739 3732 792 3771 uno
812 3734 841 3773 ιιι
859 3719 919 3772 loco
937 3733 1066 3787 posuisse,
1094 3717 1141 3771 aad
1167 3717 1253 3771 multa

187 3796 215 3836 m
233 3797 261 3836 m
294 3825 385 3921 et'cf.
404 3855 514 3911 SuebIer
533 3874 559 3925 p.
578 3857 622 3914 15.
640 3858 685 3914 59.
703 3858 828 3932 Koechly
848 3878 875 3932 p.
898 3864 939 3917 16.

293 3925 321 4064 lp
341 3923 383 3979 Cf.
401 3925 505 3983 Robart
521 3928 602 3984 Areh.
621 3929 722 3988 March.
735 3930 807 4016 Ι148.
889 4001 895 4014 α
944 4001 950 4014 .
1137 3998 1143 4011 ⁸
1196 3998 1203 4011 ·
1235 3998 1242 4012 .

293 4000 310 4052 5
340 3994 380 4049 Cl.
400 4001 519 4065 quaeda
537 3999 588 4054 hae
609 4003 669 4055 tota
687 4020 716 4059 re
733 4019 763 4057 ιιι
784 4003 898 4078 Meyem
924 3999 1109 4055 damnatione
1135 4015 1256 4067 rnprrnur

187 4079 214 4132 P·
228 4063 269 4146 30
286 4080 327 4134 l(l-
346 4065 382 4150 ’33
399 4083 439 4136 ⁸q·
459 4070 533 4153 ἕπεο
551 4072 798 4160 0013190⁸itaaunt
817 4075 868 4163 'cni
893 4077 984 4128 tamen
1002 4074 1058 4155 trec
1080 4070 1213 4153 periodos·
1229 4069 1258 4123 in

185 4132 1259 4291 subthesaurariaauferreturbatt
