2967 4800
767 307 809 371 48

261 484 411 548 sacrificii
434 485 622 549 Aulidensis
656 505 730 549 cum
756 485 936 566 Aeschylea
969 485 1065 569 plane
1099 490 1323 570 comparanda,

261 593 303 638 ex
327 594 390 657 quo
413 580 506 656 poeta
529 572 714 637 Lucretium
738 574 791 636 hic
814 575 916 637 multa
938 577 1124 657 repetivisse
1147 575 1263 640 Munro
1287 580 1324 641 in

260 662 523 726 adnotationibus
554 664 593 725 ad
623 663 655 724 h.
677 663 698 726 l.
722 661 871 745 pluribus
899 664 1128 746 comprobavit.
1172 663 1323 730 Formam

261 750 493 834 „iphianassai‘
518 754 578 834 (vs.
606 749 662 836 84)
686 750 854 815 Lucretius
878 751 918 813 cb
942 770 1013 815 eam
1035 772 1103 816 rem
1138 754 1323 818 adhibuisse

259 841 397 919 videtur,
429 840 514 922 quod
544 841 674 901 omnino
704 839 877 904 verborum
906 842 1125 923 antiquiorum
1158 843 1323 908 studiosus

260 935 337 993 erat.
382 927 555 991 Koechlius
590 929 720 1011 quidem
745 930 765 994 l.
792 948 818 993 c.
847 949 875 1011 p.
901 930 943 990 24
976 931 1048 993 iure
1084 937 1201 1013 monet,
1236 933 1323 1014 apud

259 1025 382 1080 veteres
405 1017 596 1099 plerumque
612 1017 832 1099 Iphianassam
849 1017 1054 1081 Homericam
1078 1021 1214 1084 eandem
1232 1021 1323 1084 habi-

259 1111 324 1169 tam
347 1105 447 1169 fuisse
471 1125 569 1187 quam
592 1104 802 1188 iphigeniam.

369 1195 607 1277 Propertius
630 1194 678 1257 IV
695 1196 791 1273 r‚109
815 1197 976 1259 funestam
993 1197 1218 1260 mactationem
1237 1217 1323 1260 conr-

260 1287 430 1347 memorat.
473 1279 641 1346 Mentione
658 1283 793 1365 dignum
817 1291 865 1347 est
890 1285 975 1367 quod
998 1283 1049 1346 III
1071 1282 1142 1366 I‚2l
1169 1286 1207 1349 de
1227 1305 1324 1350 causa

260 1390 370 1436 morae
395 1370 583 1434 Anlidensis
606 1372 759 1435 traditur:

352 1457 435 1522 Sunt
457 1461 729 1542 Agamemnonias
753 1463 903 1523 testantia
926 1461 1019 1524 litora
1043 1481 1147 1543 curas,

274 1551 276 1557 '
351 1545 441 1621 Quae
465 1554 553 1611 notat
577 1549 728 1632 Argynni
750 1568 853 1632 poena
875 1549 1150 1613 Athamantiadae.

346 1634 419 1698 Hoc
441 1638 559 1700 iuvene
583 1640 701 1701 amisso
725 1639 861 1700 classem
884 1656 949 1698 non
973 1637 1069 1698 solvit
1092 1637 1266 1719 Atrides31)

348 1725 409 1787 Pro
433 1745 497 1808 qua
520 1730 657 1788 mactata
680 1731 728 1788 est
750 1725 919 1808 Iphigenia
943 1743 1040 1787 mora.

364 1811 428 1876 Hic
451 1815 550 1897 igitur
565 1811 767 1895 Agamemno
791 1815 825 1875 in
849 1819 951 1876 morte
972 1814 1065 1895 pueri
1088 1812 1202 1875 amasii
1224 1812 1322 1874 nimis

260 1908 438 1985 occupatus
463 1904 556 1966 ducis
579 1902 720 1966 officium
743 1903 835 1985 plane
852 1902 981 1979 omittit-3
1007 1902 1063 1964 sed
1080 1901 1119 1963 de
1134 1902 1182 1963 ira
1197 1898 1321 1963 Dianae

259 1991 341 2053 nihil
370 1991 516 2054 additum
549 1998 606 2056 est.
664 1991 770 2054 Facile
804 1992 942 2054 conicias
976 1990 1178 2073 Propertium
1212 1988 1246 2051 id
1280 2008 1322 2051 ex

258 2076 488 2143 Alexandrino
524 2081 662 2162 quodam
694 2087 788 2163 poeta
822 2081 961 2161 elegiaco
988 2079 1144 2143 hausisse.
1191 2076 1240 2140 De
1266 2096 1322 2159 pc·

264 2169 453 2232 sterioribus
477 2168 663 2232 auctoribus
679 2170 778 2232 huius
793 2169 921 2232 fabulae
937 2168 1101 2231 Prellerus
1119 2166 1200 2229 Mus.
1219 2165 1321 2231 Rhan.
1400 2166 1402 2169 ’

260 2256 307 2319 IV
332 2259 397 2320 404
422 2278 467 2340 sq.
491 2258 597 2322 fusius
621 2258 806 2340 disputarit.
854 2256 950 2341 Origo
982 2258 1051 2320 eius
1076 2256 1223 2319 videlicet
1244 2255 1320 2318 inde

258 2346 448 2410 deducenda
482 2353 548 2427 est,
599 2349 686 2430 quod
721 2348 807 2430 apud
837 2346 976 2411 Boeotos
1015 2346 1171 2428 templum
1212 2343 1319 2408 Vene-

259 2437 305 2498 ris
328 2435 390 2498 fuit
412 2431 576 2520 Αργυννίς
610 2436 797 2520 appellatae;
833 2437 874 2498 ad
908 2437 969 2498 hoc
1003 2441 1109 2498 autem
1145 2452 1322 2516 cognomen

259 2524 489 2588 declarandum
523 2529 697 2607 posteriore
731 2530 834 2588 aetate
868 2529 1033 2587 narratum
1065 2524 1127 2584 fuit
1149 2523 1321 2603 Agamem-

260 2632 379 2676 nonem
402 2614 435 2676 id
460 2614 614 2677 sacellum
637 2616 846 2677 inhonorem
867 2613 1016 2695 Argynni
1040 2609 1208 2678 ouinsdam
1233 2608 1321 2671 dedi-

260 2699 390 2783 casse2)
436 2700 527 2765 Certe
551 2703 598 2766 sic
621 2704 715 2784 culpa
733 2702 866 2765 Atridae
889 2700 991 2763 multo
1016 2701 1117 2761 maior
1140 2699 1210 2761 visa
1234 2694 1320 2780 est3)

365 2789 578 2872 Vergilius
602 2792 683 2855 Aen.
706 2790 741 2852 II
766 2790 828 2852 116
852 2789 994 2853 breviter
1008 2787 1194 2871 iphigeniae
1216 2788 1319 2850 fatum

264 2899 337 2942 cum
362 2878 531 2960 Polyxena
554 2885 722 2963 comparat.

213 3041 224 3062 ι
364 2967 527 3030 Horatio
562 2968 639 3032 Satt.
673 2968 705 3032 Il
732 2957 827 3050 3,199
851 2988 898 3050 sq.
926 2966 1091 3050 Euripidis
1115 2964 1216 3047 Iphig.
1240 2963 1320 3025 Au-

257 3056 426 3120 lidensis
462 3057 668 3137 obversatur,
705 3077 781 3120 cum
817 3060 1027 3120 correctorem
1062 3055 1198 3116 stoicum
1233 3053 1320 3134 Aga-

259 3147 424 3208 memnoni
449 3145 640 3208 obicientem
663 3146 749 3226 facit‚
772 3165 846 3208 eum
870 3149 995 3208 tanturn
1029 3140 1093 3223 „cb
1111 3141 1222 3205 titulos
1246 3190 1252 3202 .
1278 3192 1284 3204 .
1310 3189 1319 3206 .

257 3236 393 3297 inanes“
417 3234 610 3297 sacrificium
632 3234 717 3298 filiae
741 3235 918 3297 admisisse.

366 3516 394 3580 1)
413 3514 459 3572 Vs.
478 3515 521 3567 22.
540 3514 583 3569 23.
611 3513 816 3578 Hertzbergium
834 3515 943 3565 secutus
961 3528 1030 3581 sum,
1057 3512 1134 3565 cuius
1153 3510 1320 3565 coniecturas

262 3587 343 3639 eliam
363 3585 584 3640 Schneidewinus
594 3585 662 3638 Phil.
677 3585 690 3637 I
703 3586 754 3638 377
775 3583 882 3649 probat3
902 3583 969 3636 aliae
981 3584 1130 3637 medicinae
1143 3581 1238 3635 obviae
1257 3582 1321 3633 sunt

258 3658 288 3710 ln
307 3657 466 3710 Baehrensii
486 3657 610 3711 editione.
645 3656 686 3709 De
713 3654 805 3709 fabula
831 3655 891 3723 ipsa
918 3670 1023 3722 quoque
1047 3670 1090 3707 res
1109 3654 1175 3706 satis
1192 3650 1323 3721 impedita

260 3733 316 3782 est„
345 3727 568 3781 Schneidewinus
586 3726 605 3780 l.
624 3744 646 3779 c.
666 3729 724 3779 iure
746 3730 827 3787 notat,
846 3741 913 3792 eam,
932 3742 993 3778 oum
1012 3729 1067 3778 tam
1086 3724 1203 3776 breviter
1220 3738 1236 3774 a
1254 3721 1319 3773 Pro-

261 3798 347 3867 portio
376 3798 494 3851 indicata
521 3800 565 3862 sit,
594 3815 610 3850 a
638 3798 726 3866 priore
755 3797 870 3866 quodam
897 3799 975 3866 poeta
993 3795 1120 3848 videlicet
1139 3789 1319 3871 Alexandrino

262 3869 398 3923 excultam
417 3870 507 3935 fuisse,
527 3870 571 3923 hic
589 3870 680 3923 antem
697 3885 752 3922 non
770 3867 893 3932 Dianam,
912 3868 960 3920 sed
978 3867 1062 3920 solam
1073 3866 1205 3919 Venerem
1223 3860 1257 3914 ad
1268 3876 1320 3912 rm-

260 3940 417 4010 probitatem
446 3940 578 4008 simulque
607 3940 756 3994 socordiam
785 3938 994 4006 Agamemnonis
1020 3937 1182 4007 puniendam
1206 3931 1319 3985 classem

260 4027 381 4079 graecam
400 4010 554 4067 retinuisse.
592 4010 631 4065 ct
650 4011 731 4064 etiam
750 4008 782 4063 A.
802 4007 865 4063 Otto
883 4009 926 4063 De
945 4008 1026 4063 fabul.
1045 4009 1163 4075 Propert.
1185 4021 1210 4070 p.
1229 4004 1272 4059 22.
1375 4047 1378 4056 ,

365 4082 391 4150 2)
410 4080 450 4135 uf.
479 4082 634 4139 testimonia
652 4098 668 4136 a
686 4081 805 4134 Prellero
823 4080 841 4138 l,
861 4097 883 4137 c.
902 4080 992 4147 allata,
1020 4076 1144 4149 inprimis
1163 4067 1320 4140 Phanodem
1352 4079 1356 4086 '

259 4169 301 4222 ap.
321 4152 403 4207 Clam.
422 4152 464 4206 Al.
484 4153 569 4207 Protr.
589 4173 613 4224 p.
634 4154 675 4210 11.
694 4151 792 4206 Athen.
809 4150 881 4205 XIII
899 4171 924 4219 p.
944 4151 996 4207 603
1015 4151 1040 4205 d.
1058 4148 1130 4203 Plut.
1148 4144 1232 4216 Gryll.
1253 4162 1275 4202 o.
1295 4146 1320 4203 7.

364 4224 391 4294 3)
410 4223 450 4277 Cf.
469 4223 595 4278 Weleker
612 4223 709 4278 Aeseh.
728 4223 791 4277 Tril.
810 4222 870 4278 356.
