2967 4800
761 284 804 349 42

381 463 414 551 (1)
436 463 477 527 In
500 464 683 547 neglegenti
705 464 830 548 pictura
853 464 1033 527 vascolaria
1055 462 1210 528 Rechette
1224 464 1316 531 Mon.
1393 546 1395 549 Ι

460 551 549 616 Ined.
585 552 627 635 pl.
662 550 954 633 41,‘Heydemann
986 551 1045 616 No.
1071 554 1114 615 24
1145 553 1315 638 Iphigenia

460 645 533 704 ante
556 642 689 704 iuvenes
712 641 838 704 vinctos
862 642 984 705 sedet.

358 730 387 795 2.
424 728 462 792 In
497 729 654 812 singulari
692 730 847 812 amphora
867 729 1013 794 Ruvensi
1044 729 1160 796 Overb.
1194 730 1237 796 H.
1273 731 1313 797 G.

244 815 348 880 XXX
369 820 399 898 4,
422 817 580 898 Heydem.
608 818 693 880 3223
718 818 885 901 Iphigenia
908 819 949 881 ad
972 821 1093 883 amicos
1117 821 1315 903 aggreditur,

246 906 327 970 forte
351 907 503 971 solatium
527 906 689 988 quoddam
712 905 886 992 afferensl)

356 994 417 1057 III.
448 996 579 1058 instans
621 993 845 1079 sacrificium2)
885 1014 1024 1079 agnosco
1061 994 1178 1060 Overb.
1206 992 1248 1063 Η.
1273 995 1314 1062 G.

245 1081 350 1147 XXX
375 1083 391 1145 1
416 1085 451 1146 in
475 1084 604 1148 sinistra
628 1087 867 1167 compositione,
895 1085 989 1148 cuius
1012 1085 1114 1148 multo
1146 1086 1315 1170 pulchrius

244 1173 430 1255 exemplum
455 1172 538 1255 apud
563 1171 701 1255 Zoegam
724 1173 843 1237 Bassir.
868 1173 932 1236 las.
957 1173 998 1236 56
1023 1176 1137 1238 exstat.

356 1260 415 1324 lV.
443 1260 470 1323 1.
494 1259 724 1342 MonumentiS,
749 1282 831 1345 quae
848 1263 1021 1346 epistulam
1036 1262 1153 1345 Pyladi
1171 1262 1211 1325 ab
1227 1261 1316 1345 Iphi-

245 1351 341 1434 genia
375 1348 513 1414 oblatam
553 1350 736 1431 ostendunt,
773 1350 929 1434 Vogelius
962 1352 982 1417 1.
1007 1371 1032 1414 c.
1067 1372 1098 1435 p.
1123 1352 1167 1413 44
1201 1352 1315 1415 merito

248 1457 451 1502 communem
475 1438 595 1502 fontem
620 1439 811 1504 vindicavit:

378 1525 412 1700 bb
433 1525 884 1698 gicbbbagrmghoffilblqd.
907 1616 933 1680 I.
958 1614 1008 1677 XI
1034 1615 1075 1677 66
1100 1616 1267 1679 delineata.

381 1703 737 1873 c)ralsedulu31)nthap.
764 1731 804 1760 z
828 1703 1010 1855 Votrlegebl.
1046 1704 1098 1781 13,
1125 1704 1141 1766 1
1167 1704 1224 1767 ubi
1248 1704 1307 1785 Py-

480 1812 556 1856 aes
624 1812 736 1855 anum
761 1812 900 1876 appare.

358 1883 387 1946 2.
410 1880 487 1945 Huc
511 1881 697 1945 collocanda
720 1881 849 1945 videtur
872 1880 1090 1945 memorabilis
1125 1883 1312 1963 compositio

248 1969 333 2122 apud
357 1970 540 2035 Brunnium
560 1969 650 2034 Urna
673 1976 730 2034 etr.
757 1968 935 2034 LXXXIV
961 1970 988 2033 1.
1013 1972 1031 2033 2
1066 1974 1097 2034 et
1114 1969 1310 2034 LXXXVI

247 2079 351 2123 ovra.

357 2147 398 2212 V.
421 2147 622 2232 iphigeniam
641 2146 681 2210 ah
706 2149 817 2212 amicis
833 2148 994 2231 cognitam
1011 2148 1189 2212 secundum
1213 2168 1313 2212 unam

245 2257 392 2300 normam
416 2237 598 2320 complures
622 2237 812 2320 saddophagi
835 2256 963 2321 semper
986 2238 1119 2300 sinistra
1146 2242 1235 2321 parte
1259 2256 1313 2302 ex·

246 2326 370 2389 hibent:
395 2323 513 2389 Overb.
537 2324 580 2388 Η.
606 2323 643 2389 G.
668 2322 772 2389 XXX
793 2327 827 2390 2.
852 2327 871 2388 3
895 2332 926 2390 et
949 2325 1134 2410 Vorlegebl.
1162 2326 1212 2406 13,
1239 2327 1268 2392 1.

357 2414 413 2476 VI.
436 2415 505 2478 Iam
529 2416 659 2497 signum
682 2414 807 2479 Dianae
823 2415 1034 2480 auferendum
1051 2420 1110 2480 est:

256 2523 259 2528 ’
359 2505 389 2567 1.
413 2502 503 2567 Haec
525 2503 605 2567 forte
620 2523 673 2568 res
689 2506 796 2589 agitur
810 2505 844 2567 in
860 2505 986 2586 pictura
1004 2505 1184 2568 vascularia
1200 2501 1314 2567 Overh⁶

245 2590 288 2655 H.
313 2592 349 2655 G.
374 2590 474 2656 XXX
501 2594 529 2655 8.

359 2683 388 2743 2.
411 2681 451 2743 In
475 2681 618 2765 speciosa
641 2682 781 2762 imagine
805 2681 999 2764 Pompeiana
1022 2679 1143 2764 Helhig
1168 2681 1254 2744 1333
1271 2706 1312 2737 =

248 2769 428 2853 Vorlegebl.
461 2770 527 2834 Ser.
556 2769 586 2831 V
609 2768 672 2832 Taf.
696 2768 740 2851 X,
766 2770 860 2833 cuius
884 2770 1070 2853 compositio
1103 2771 1205 2853 magis
1235 2774 1315 2832 atte-

247 2863 346 2922 nuata
369 2860 404 2921 in
428 2858 623 2942 sarcophago
649 2856 769 2922 Overb.
791 2856 892 2936 XXX
918 2860 937 2921 3
961 2859 1076 2923 dextra
1098 2864 1188 2942 parte
1215 2858 1312 2922 redit:

246 2947 414 3080 Iphigepia
436 2948 586 3011 videlicet
600 2946 735 3010 Thoanti
751 2947 929 3031 persuadet,
945 2953 982 3010 ut
999 2948 1224 3011 lustrationem
1243 2966 1314 3030 per-

246 3038 360 3101 mittat.

357 3036 410 3188 Hb<
449 3125 686 3207 comparatione
729 3143 805 3187 oum
845 3125 900 3189 illa
940 3125 1080 3207 imagine
1111 3126 1314 3207 Pompeiana,

249 3233 346 3296 quam
370 3212 430 3276 sub
454 3213 487 3277 H
512 3214 552 3275 la
574 3216 668 3296 posui
691 3213 807 3294 elucet,
838 3214 877 3276 de
910 3213 1023 3277 eodem
1054 3213 1142 3277 tonte
1173 3215 1314 3297 cogitan-

248 3303 326 3366 dum
350 3321 432 3366 esse.
477 3301 544 3365 Ubi
567 3303 654 3365 hano
679 3302 953 3384 compositionem,
977 3303 1011 3364 in
1036 3323 1099 3385 qua
1123 3304 1218 3366 etiam
1234 3301 1313 3364 Tho-

247 3392 332 3455 antis
354 3391 459 3475 figura
482 3392 601 3473 optime
630 3388 761 3456 inventa
795 3397 852 3473 est,
885 3392 1095 3475 archetypum
1129 3390 1314 3475 praebuisse

248 3499 370 3545 ornor.

267 3500 287 3563 p
360 3570 389 3631 3.
422 3566 568 3631 Eandem
609 3586 738 3632 scenam
776 3570 878 3650 magis
922 3587 1124 3653 progressam
1168 3567 1314 3630 videmus

246 3656 429 3740 Vorlegebl.
457 3656 542 3736 13,2
566 3654 684 3739 (media
705 3655 804 3741 pars).

244 3800 459 3811 ...-.-—-—

356 3850 384 3916 1)
402 3849 441 3903 Cf.
461 3848 547 3918 Vogel
575 3850 678 3904 Scenen
707 3848 823 3917 euripid.
850 3847 960 3918 ltagbd.
986 3849 1015 3903 in
1033 3847 1134 3918 grieeh.
1158 3849 1315 3916 Vasengem.

248 3920 263 3975 I
282 3919 491 4057 1885,p.Ap,p,r
509 3990 618 4060 quidem
638 3990 773 4045 Robortns
791 3989 809 4043 l.
829 4007 852 4044 c.

356 4063 383 4131 3)
401 4061 490 4117 Aliter
516 4063 637 4116 iudicant
662 4061 857 4115 Reifferscheid
886 4060 986 4114 Annali
1007 4061 1076 4115 1862
1104 4077 1130 4128 p.
1151 4059 1203 4115 116
1232 4075 1273 4129 sq.
1293 4061 1318 4112 at

250 4133 390 4187 Bruanius
408 4131 469 4187 Ber.
490 4134 537 4187 der
554 4133 700 4188 Minchen.
718 4133 770 4191 Ak.
790 4149 816 4187 v.
837 4131 905 4186 1887
925 4149 950 4200 p.
970 4132 1030 4187 270.

352 4205 380 4273 4)
401 4202 439 4257 Ol.
458 4203 569 4259 Rohert.
587 4203 605 4257 1.
625 4221 647 4258 c.
