2967 4800
763 298 806 362 44

249 475 367 540 Poetae
379 474 559 558 Tarentino,
575 477 632 558 qui
648 477 779 540 omnino
794 476 919 541 fabulas
934 479 1100 559 poetarum
1116 477 1311 560 tragicorum

249 566 282 627 in
320 563 494 627 ridiculum
532 565 703 628 transferre
747 564 879 645 solebat,
921 565 974 629 hic
1008 564 1194 649 Euripidem
1234 568 1309 628 ante

248 653 358 716 oculos
392 651 492 717 fuisse
527 654 713 733 credideris;
751 655 911 737 quomodo
946 659 1053 718 autem
1087 665 1155 717 rem
1177 654 1311 717 finxerit

248 742 380 805 minime
403 747 543 825 apparet.
593 734 683 805 Forte
710 742 766 805 illa
790 743 960 826 descriptio
984 744 1135 806 vestiaria
1163 743 1202 809 ad
1224 742 1312 824 lphi-

248 831 374 913 geniam
397 831 498 912 ipsam
523 830 690 895 referenda
713 830 806 911 eritll

362 917 626 983 Callimachus
656 921 688 985 h.
718 922 754 982 in
786 917 878 983 Dian.
907 939 955 983 vs,
981 919 1045 982 263
1070 939 1115 1003 εη.
1142 921 1314 1002 Agamem·

251 1009 345 1070 nonis
369 1008 555 1090 superbiam
579 1014 610 1071 et
632 1008 825 1072 sacrificium
848 1015 1090 1088 commemorat;
1115 1009 1229 1072 ecdem
1248 1027 1315 1071 oar·

247 1096 338 1159 ruine
360 1098 456 1178 paulo
480 1102 553 1161 ante
575 1098 714 1179 legimus
738 1117 786 1163 vs.
811 1099 875 1160 228
894 1118 946 1180 sq:

407 1232 576 1252 ......
600 1183 654 1250 σοὶ
678 1185 705 1251 d’
727 1178 933 1271 Ἀγαμέμνων

406 1269 570 1361 πηδάλιον
593 1269 666 1361 νηὸς
689 1273 846 1363 σφετέρης
871 1270 1030 1361 ἑγκάθειο
1054 1274 1120 1361 νηῷ

405 1357 532 1443 μείλιον
554 1355 696 1449 ἄπλοΐης
719 1411 727 1427 .
753 1413 760 1428 .
785 1412 791 1426 .
816 1412 825 1428 .

363 1447 411 1513 De
434 1452 494 1514 hoo
527 1452 654 1535 piaculo
678 1451 809 1515 aliunde
844 1472 908 1515 non
945 1456 1081 1515 constat.
1132 1449 1316 1533 Comparari

253 1543 389 1621 possunt
422 1538 556 1603 fabellae
587 1541 625 1603 de
657 1543 901 1622 Agamemnone
924 1540 1048 1603 Dianae
1080 1540 1196 1622 templa
1228 1536 1316 1600 dedi·

213 1701 216 1707 ¹
252 1632 353 1707 cante,
376 1627 481 1709 qualis
512 1629 607 1691 etiam
638 1628 758 1692 Aulide
789 1625 1057 1711 perhibebatur.2)
1107 1626 1194 1689 Num
1220 1626 1315 1688 Ualli-

253 1716 387 1778 machus
412 1734 449 1778 ea
472 1717 564 1779 nisus
587 1716 646 1778 hoc
669 1716 739 1779 loce
763 1716 870 1779 verbis
894 1711 964 1802 (νηό
988 1721 1019 1778 et
1042 1714 1120 1800 νηῴ)
1142 1714 1247 1776 ludit?
1271 1749 1315 1759 -

252 1804 469 1867 Simulacrum
504 1823 546 1867 ex
568 1803 682 1867 Tauris
717 1806 751 1866 in
786 1806 926 1867 Atticam
961 1804 1093 1867 ductum
1122 1801 1242 1865 ibidem
1265 1821 1314 1868 vs.

253 1893 316 1955 173
341 1912 388 1976 sq.
413 1894 563 1976 tangitur.

365 1980 427 2044 Sed
451 1981 546 2064 longe
574 1988 696 2046 mutata
718 1980 829 2046 fabula
852 1986 960 2045 nostra
983 1980 1070 2064 apud
1093 1979 1315 2062 Lycophro-

253 2089 346 2133 nem
370 2072 536 2134 invenitur
559 2090 688 2154 eosque,
719 2073 775 2154 qui
807 2071 904 2134 simul
937 2069 1092 2133 tractandi
1115 2073 1219 2132 eruut.
1266 2066 1315 2131 De

251 2157 322 2222 loco
339 2159 539 2223 memorabili
552 2159 591 2222 ad
605 2160 801 2224 sacrificium·
820 2162 999 2244 pertinente
1010 2159 1074 2222 iam
1087 2177 1185 2241 supra
1209 2158 1315 2221 dicen·

196 2304 198 2309 .
252 2248 329 2311 dum
352 2248 428 2332 fuit3
453 2253 526 2311 ante
550 2268 647 2330 quem
671 2269 717 2312 vs.
741 2251 805 2311 323
829 2269 876 2332 sq,
901 2249 1031 2329 legitur:

429 2334 465 2402 σὲ
489 2330 596 2420 δ’ώμὰ
613 2332 697 2424 πρὸς
720 2340 860 2441 νυμφενῖα
883 2332 941 2402 καί
964 2331 1138 2423 γαμηλίους

429 2418 499 2507 α”ξει
519 2422 645 2515 θυηλὰς
667 2423 800 2512 στυγνὸς
826 2433 846 2491 Ι
848 2427 919 2514 φιδ
925 2423 999 2513 ος3)
1022 2422 1104 2489 λέων

428 2511 549 2603 μητρὸς
571 2516 721 2605 κελαινῆς
742 2520 893 2602 χέρνιβας
913 2510 1118 2597 μιμούμενος.

359 2603 428 2666 lani
459 2604 582 2686 pridem
613 2607 813 2669 intellectum
838 2610 895 2684 est,
940 2622 993 2666 ecs
1019 2621 1130 2665 versus
1154 2601 1193 2663 de
1216 2599 1316 2664 Neo-

252 2692 418 2776 ptolemo
447 2692 676 2776 Iphigeniae
699 2694 785 2757 filio
810 2692 1010 2772 Polyxenam
1039 2694 1198 2753 mactante
1233 2690 1316 2752 acci-

252 2781 385 2864 piendos
417 2800 496 2844 esse.
556 2779 646 2856 Quae
679 2784 767 2865 origo
802 2784 871 2846 eius
906 2781 957 2843 hic
989 2784 1021 2844 et
1051 2779 1137 2862 apud
1159 2777 1318 2841 Duridem

251 2867 424 2955 Samiumt)
447 2871 591 2934 eiusdem
614 2871 680 2934 fere
703 2872 815 2935 aetatis
831 2870 1018 2954 scriptorem
1032 2871 1172 2952 primurn
1189 2866 1316 2930 obviam

251 2958 294 3022 fit.
341 2959 483 3022 Achilles
507 2965 614 3023 autem
649 2960 689 3023 ob
721 2961 864 3023 fabulam
889 2959 1101 3022 Aulidensem
1125 2955 1217 3019 facile
1240 2974 1315 3018 cum
1415 3025 1418 3031 ,

360 3153 386 3278 η)
402 3151 436 3275 {a
456 3151 543 3219 priore
562 3153 711 3219 fragmento
732 3153 765 3205 de
785 3155 880 3207 ornatu
899 3148 1058 3204 sacerdotali
1070 3146 1227 3217 Iphigeniae
1246 3148 1318 3216 cogi·

254 3224 306 3278 tari
344 3238 421 3278 ces.

325 3239 342 3291 p
360 3297 387 3361 2)
407 3293 446 3350 Cf.
466 3309 528 3361 pars
555 3292 570 3345 I
595 3292 640 3348 fin.
678 3293 738 3347 Non
758 3291 894 3346 omiserim
913 3293 982 3344 teste
1001 3289 1131 3358 Procopio
1150 3289 1217 3343 Bell.
1237 3288 1316 3344 Goth

252 3366 292 3419 Ν
311 3366 344 3419 22
373 3366 493 3419 Geraesti
512 3364 541 3417 in
559 3364 649 3418 insula
667 3364 807 3418 Euboea
835 3377 1009 3415 marmoream
1028 3376 1125 3415 narem
1144 3364 1317 3415 monstratam

253 3434 615 3561 pasehqrzrpmlssgpamesugno
647 3435 751 3488 Dianae
780 3435 918 3488 dedicasse
946 3432 1094 3486 dicebatur.
1136 3429 1227 3516 ⁰f10·
1246 3432 1318 3485 Jahn

279 3525 308 3562 l'c
330 3551 336 3563 .
389 3554 395 3565 .
525 3557 528 3564 ,
561 3529 566 3556 ι
588 3548 594 3559 .

360 3580 388 3648 3)
407 3577 481 3633 Haec
505 3524 614 3646 ¹duoque
643 3577 728 3630 forma
756 3574 879 3638 ostendit,
911 3588 991 3641 qnam
1010 3573 1086 3627 varic
1114 3572 1193 3625 modo
1220 3588 1318 3625 nomen

254 3650 388 3722 Ἰφιγένεια
407 3649 542 3703 decurtari
561 3648 687 3717 potuerit.
724 3647 813 3700 Etiam
832 3646 945 3698 formam
965 3642 1042 3715 Ἰφιάν
1060 3643 1136 3697 illinc
1154 3646 1240 3696 ortam
1259 3659 1317 3697 esso

254 3724 334 3791 patet.
374 3721 420 3775 Sin
440 3724 529 3773 autem
548 3719 620 3787 apud
639 3717 762 3786 Apellen.
800 3716 886 3773 Rhod.
903 3715 918 3769 l
937 3716 988 3769 312
1005 3716 1129 3769 Dianae
1145 3714 1318 3785 putissimum

254 3793 415 3847 sacerdos
443 3792 482 3845 sic
512 3790 671 3859 appellatur,
700 3788 776 3842 casui
803 3788 920 3841 dandum
949 3788 1007 3840 erit.
1044 3785 1145 3839 Vocem
1169 3787 1236 3857 Ἶφις,
1255 3800 1317 3837 cum

255 3863 411 3918 insolentior
441 3865 469 3916 et
497 3861 636 3915 obscurior
654 3865 733 3925 esset,
762 3857 926 3926 Lycophron
951 3857 1054 3911 seilicet
1072 3855 1188 3910 libenter
1206 3856 1316 3924 recepit,

254 3936 302 3989 sed
321 3935 383 3989 ideo
402 3950 456 3988 non
475 3932 555 4002 plane
575 3932 608 3985 de
621 3946 670 3985 suc
680 3931 794 3994 finxerit,
808 3928 1040 3983 utBaohmannus
1050 3928 1084 3981 ad
1094 3943 1134 3983 vs.
1147 3926 1196 3982 189
1211 3926 1318 3983 conicit

255 4007 295 4060 De
315 4006 468 4060 nominibus
488 4020 504 4057 a
523 4004 606 4071 stirpe
626 4004 647 4056 ἲν
666 4001 795 4056 derivatis
815 4001 848 4055 ct.
868 4000 949 4053 etiam
969 3999 1054 4053 Lehrs
1070 3998 1153 4052 Arist.
1166 3997 1178 4035 3
1190 3996 1250 4052 460.

359 4077 385 4145 4)
404 4077 437 4131 In
455 4074 579 4129 historiis
593 4073 658 4127 eius.
679 4073 712 4126 ct.
729 4071 802 4126 ΓΗΘ
814 4071 842 4125 Π
855 4071 918 4124 470.
946 4069 1048 4135 Quodsi
1066 4069 1112 4122 hic
1131 4069 1164 4121 de
1176 4067 1318 4137 Iphigenia

254 4147 368 4216 Scyrum
396 4148 511 4202 deducta
538 4148 662 4198 narratur
693 4144 756 4214 (huc
775 4143 857 4197 etiam
879 4140 1043 4211 Lycophron
1071 4155 1112 4194 ve.
1135 4138 1318 4206 rescindit),

254 4219 398 4273 Deidamia
417 4222 478 4273 anto
499 4215 591 4271 oculos
610 4216 669 4272 tuit.
