2967 4800
736 298 782 364 54

225 497 330 561 usque
339 478 379 542 ad
389 478 496 561 fugam
506 478 701 543 Graecorum
714 473 897 543 omniafere
907 480 1087 544 secundum
1097 481 1283 566 Euripidem

225 566 430 652 narranturI).
476 568 653 651 Iphigenia,
683 567 740 631 uhi
772 588 846 631 curn
879 571 991 633 amicis
1020 569 1181 652 Scythiam
1214 573 1285 635 sine

225 657 292 720 ulla
316 656 502 721 difficultate
525 657 665 740 reliquit,
689 655 813 721 Dianae
836 658 963 741 signum
992 665 1123 741 portans
1146 661 1284 744 plurima

223 746 294 809 loca
317 746 447 810 orientis
469 751 571 810 terrae
606 747 657 810 vel
680 765 785 829 nsque
811 747 844 809 in
869 747 1084 811 Palaestinam
1108 750 1148 812 ad
1172 749 1283 813 urbem

223 834 412 898 Tricomiam
435 839 639 918 pervagatur
682 835 746 899 Hic
760 835 838 899 dum
854 834 948 901 Orest
935 841 998 900 tem
1023 837 1126 902 furiae
1154 840 1284 920 agitant,

223 923 391 1028 Iphigenia
414 924 493 988 deae
516 942 594 987 suae
618 925 686 988 cult
673 929 743 988 turn
774 926 914 989 instituit
944 927 1127 1031 temploque
1156 928 1283 990 condito

225 1015 385 1094 virginem
408 1019 533 1079 mactat
588 1013 627 1076 In
651 1016 838 1078 memoriam
861 1015 957 1079 huius
979 1020 1027 1078 rei
1050 1016 1201 1080 columna
1224 1020 1286 1079 eri·

222 1104 316 1185 gitur.
364 1102 540 1186 Postquam
559 1100 653 1175 Orest
641 1108 688 1167 tes
712 1103 784 1167 ab
776 1104 901 1167 insania
913 1104 1028 1168 liberat
1015 1109 1069 1168 tus
1085 1112 1141 1183 est
1159 1105 1285 1188 Iphige-

224 1190 278 1254 nia
302 1191 463 1255 dormiens
486 1214 505 1255 a
528 1211 621 1256 cerva
643 1193 1143 1277 monetur,utfug1an.tSicrn
1159 1194 1285 1276 Syriam

223 1283 418 1363 pervenitur,
442 1280 639 1345 ubiOrestes
662 1281 748 1364 apud
771 1288 912 1346 montem
936 1282 1150 1347 Melanthium
1171 1285 1207 1346 in
1222 1283 1284 1346 tlu-

224 1371 310 1433 mine
334 1370 556 1434 lustrationem
581 1371 696 1452 accipit
728 1375 759 1433 et
780 1374 874 1454 paulo
898 1377 970 1454 post
991 1373 1031 1435 ab
1055 1373 1170 1436 Incolis
1187 1374 1285 1436 huius

223 1460 364 1542 regionis
388 1459 499 1523 multis
521 1458 699 1522 honoribus
722 1459 894 1542 excipitur.
940 1460 1020 1525 Inde
1046 1464 1124 1524 mari
1140 1464 1174 1524 in
1189 1461 1285 1524 Grae·

224 1549 305 1611 ciam
340 1547 473 1630 profecti
506 1567 641 1631 regnum
674 1552 843 1630 paternum
874 1556 1041 1632 occupant.
1098 1550 1287 1634 Sequuntur

225 1637 354 1720 nuptiae
378 1636 511 1717 Pyladis
535 1656 609 1699 cum
632 1635 770 1699 Electra.
880 1644 882 1649 '

334 1724 493 1789 Videmus
526 1725 683 1788 elementa
716 1725 876 1807 quaedam
909 1743 951 1788 ex
982 1725 1143 1807 prioribus
1176 1745 1285 1788 narra-

225 1814 366 1878 tionibus
384 1815 499 1877 somnii
522 1815 625 1877 instar
646 1814 897 1896 permirtacsse.
943 1813 1006 1876 Sed
1018 1815 1094 1876 talia
1105 1815 1139 1876 in
1152 1814 1286 1876 historia

157 1897 160 1902 ’
224 1904 437 1987 plurimarum
471 1903 653 1967 fabularum
688 1903 838 1986 cognosci
871 1907 1015 1985 possunt.
1078 1902 1284 1985 Migrationes

223 1992 298 2056 illae
332 1993 411 2057 forte
445 2013 487 2056 ex
520 1993 639 2075 propiis
677 1991 823 2074 legendis
857 1993 1013 2075 originem
1048 1997 1202 2075 oeperunt
1233 1989 1285 2076 (cf.

224 2082 337 2165 paral
369 2081 448 2161 fin).
505 2081 623 2144 Tamen
657 2080 806 2164 inprimis
840 2081 892 2144 hic
925 2083 989 2144 iam
1024 2081 1166 2145 medium
1199 2080 1285 2164 quod

225 2171 344 2248 dicitur
366 2190 482 2235 aevum
506 2172 673 2256 sentimus,
705 2170 798 2233 cuius
831 2169 957 2233 fabulas
988 2175 1157 2254 tantopere·
1183 2175 1285 2234 terras

225 2264 374 2323 externas
399 2278 553 2342 quaerere
576 2261 661 2322 inter
684 2278 797 2323 omnes
821 2265 933 2322 notum
958 2264 1013 2323 est.

335 2347 427 2412 Idem
458 2348 534 2424 fere
568 2349 595 2414 si
619 2367 779 2413 summam
812 2354 900 2432 spect
901 2369 945 2430 as,
971 2349 1056 2434 apud
1079 2349 1285 2412 Ioannem

225 2437 280 2501 An
291 2436 553 2522 tiocnenum2)
590 2438 757 2522 profertur.
816 2439 870 2502 Int
857 2444 905 2503 ter
937 2439 1165 2521 discrepantias
1197 2442 1286 2500 nota·

224 2529 336 2609 verim,
368 2527 455 2611 quod
479 2527 607 2592 Orestes
630 2529 721 2637 prius
754 2548 851 2611 quam
885 2530 919 2590 in
943 2527 1020 2609 Scyt
1007 2529 1106 2590 thiam
1130 2527 1286 2609 pervenit,

224 2617 265 2680 ad
288 2623 378 2680 mont
380 2636 427 2682 em
441 2612 633 2697 Σιλιιιονᾘ
607 2640 651 2698 ,εν
668 2604 695 2703 ὦ
714 2619 767 2681 νῦν
780 2612 962 2697 Ἀντιόχεια
980 2619 1088 2681 κεῖται
1103 2610 1287 2703 ἡμεγάλη“

225 2707 377 2771 advectus
411 2712 468 2771 est.
446 2706 586 2770 tUbi
619 2679 866 2788 respiciendum,
900 2707 988 2769 hunc
1022 2705 1210 2789 scriptorem
1245 2723 1287 2767 ex

225 2796 395 2859 Antiochia
419 2795 592 2859 oriundum
616 2795 725 2858 luisse

314 2884 511 2953 Maximam
547 2904 605 2968 par
604 2888 668 2948 tem
702 2903 745 2947 ex
779 2883 960 2947 Malalat
929 2889 960 2947 et
987 2884 1109 2947 Ioanne
1137 2902 1197 2946 con
1198 2886 1287 2945 ext

226 2977 311 3049 sunt,
337 2994 420 3058 quae
436 2975 521 3058 apud
535 2970 810 3055 Oedrenum3)
804 2974 974 3037 inveniunt
976 2994 1022 3036 ur.
1069 2972 1102 3035 Si
1120 2972 1288 3054 Iphigenia

225 3062 353 3127 fratrem
379 3084 475 3127 suum
509 3063 561 3126 hic
593 3082 649 3146 per
682 3063 861 3126 naevulum
885 3057 1040 3148 (ἐλαία)
1032 3082 1066 3124 ιιι
1090 3061 1202 3123 dextro
1227 3061 1287 3122 hu-

227 3171 315 3216 mero
339 3154 492 3236 agnoscit
515 3153 692 3235 comparari
715 3158 771 3234 pot
772 3156 819 3215 est
821 3152 937 3234 ‚quod
951 3170 1048 3233 supra
1065 3148 1208 3213 exWest
1196 3155 1286 3213 t.erm

227 3242 384 3323 mythogr.
408 3262 436 3324 p.
462 3242 524 3304 387
550 3241 624 3304 ellat
611 3245 681 3304 turn
704 3240 774 3304 ruit.

338 3331 410 3394 Alia
446 3332 541 3395 nimis
576 3331 681 3393 aliena
712 3335 824 3413 sponte
860 3328 962 3391 omisi.
1018 3327 1081 3391 Sed
1110 3328 1206 3390 etiam
1241 3328 1288 3389 sic

228 3438 379 3501 apparere
401 3425 489 3503 puto,
525 3423 720 3503 quantopere
754 3419 831 3481 haec
870 3415 980 3479 sabula
1014 3421 1083 3480 tum
1119 3417 1288 3481 obscurata

228 3514 325 3590 atque
349 3510 464 3573 diffusa
486 3510 592 3586 fuerit,
618 3508 717 3570 donec
730 3512 841 3571 nostra
853 3506 983 3569 demum
1002 3511 1104 3570 aetate
1119 3528 1137 3570 a
1153 3505 1286 3569 Goethio

228 3598 268 3660 ad
291 3617 407 3662 novam
432 3601 531 3662 vitam
555 3598 692 3661 excitata
715 3601 772 3662 est.

337 3790 421 3857 nef.
440 3793 473 3846 de
492 3808 524 3846 ea
541 3808 569 3844 re
587 3789 701 3856 Bentley
719 3788 806 3857 Epist.
825 3789 859 3842 ad
877 3788 993 3842 Millium
1011 3788 1086 3858 (ibid.
1106 3805 1131 3857 p
1151 3788 1222 3856 711).

335 3861 361 3930 2)
381 3863 419 3916 ef.
437 3863 519 3920 FHG
533 3862 573 3917 IV
583 3862 644 3916 551
674 3860 729 3914 Ubi
758 3859 839 3912 slmul
866 3859 1014 3915 indicatum
1033 3864 1082 3925 est,
1110 3859 1207 3928 quibus
1225 3856 1287 3911 aliis

228 3931 295 3989 locis
314 3934 407 3988 cadem
425 3938 516 3988 narrat
517 3935 542 3989 io
504 3933 667 3989 tobviam
685 3931 725 3985 fit

335 4004 362 4075 3)
381 4005 421 4060 ed
440 4006 553 4059 Bekker.
572 4004 585 4058 I
604 4020 630 4074 p.
650 4003 701 4057 219
720 4018 760 4070 sq.
780 4004 806 4054 et
824 4001 875 4056 2‘23
894 4018 934 4071 sq.

668 4199 870 4229 44-
