2967 4800
766 319 809 385 26

361 496 431 561 Iam
470 497 511 561 ad
550 502 683 581 poetas
716 498 890 580 tragicos
926 498 1126 562 devenimus.
1185 497 1248 563 Ubi
1286 500 1321 565 id

258 587 403 651 maxime
426 585 694 660 considerandum
720 591 778 660 est
808 605 873 670 quo
905 586 1001 650 modo
1033 606 1076 651 ex
1099 606 1159 651 suo
1183 589 1322 690 quisque

259 674 394 738 consilio
417 672 606 758 Iphigeniae
636 674 691 737 fat
669 678 712 739 t1s
744 635 786 738 ad
817 674 970 739 scelera
961 695 996 738 in
1019 676 1142 739 Tantali
1166 678 1322 760 progenie

255 763 589 827 ettcontrabenda
558 769 589 827 et
623 763 829 828 dissolvenda
862 782 942 827 usus
966 766 1016 828 sit.
995 763 1126 829 tSed
1149 765 1242 829 valde
1266 766 1322 828 do-

255 851 462 917 lendumt
412 857 470 933 est,
492 858 558 915 tarn
580 871 684 935 pauca
706 850 1040 956 nobisservataeese,
1057 856 1229 957 praecipue
1246 874 1322 918 cum

254 937 454 1021 Aeschylie
437 901 656 1023 εί,801)1100110
681 960 765 1024 quae
777 941 816 1005 de
837 940 1040 1024 Iphigenia'
1031 962 1102 1026 ipsa
1113 948 1321 1027 scripserim

254 1048 389 1113 prorsus
412 1029 477 1093 lere
499 1031 702 1093 evanuerint

362 1118 466 1217 Apud
489 1118 731 1197 Aeschylum
747 1119 886 1201 plurima
902 1118 1031 1182 adhuc
1022 1138 1056 1182 rn
1077 1121 1322 1202 Agamemnone

259 1204 486 1272 inveniuntur:
510 1207 669 1270 unde't
619 1227 654 1270 in
656 1207 778 1290 tellegit
780 1228 828 1289 ur,
850 1208 934 1271 hanc
957 1226 1087 1292 quoque
1102 1207 1244 1272 fabulam
1268 1227 1323 1292 pe-

256 1296 346 1359 nitus
370 1296 471 1358 menti
494 1294 668 1359 altissimae
690 1296 796 1359 imbut
783 1302 850 1359 tam
871 1293 984 1361 fuisse
1028 1295 1112 1361 Nam
1136 1302 1228 1402 poeta
1251 1315 1323 1360 eam

258 1385 305 1448 sic
351 1383 576 1465 conformavit,
626 1384 763 1448 utillo
799 1381 966 1464 ,παλαιὸς
1007 1378 1107 1471 Appia
1149 1379 1322 1470 ἄλάσιιορ“

257 1434 601 1558 (Agam.14691)v'er
621 1389 777 1538 ilrltimam
807 1474 940 1556 stirpem
963 1474 1025 1537 sibi
1048 1474 1193 1538 subiciat.
1239 1474 1323 1537 Mul·

257 1560 359 1644 tiplex
383 1561 519 1645 culpa
510 1581 544 1625 rn
580 1562 824 1664 Agamemnone
858 1562 897 1625 ad
921 1560 1006 1625 filiae
1034 1561 1227 1626 sacrificium
1250 1581 1323 1645 pro-

254 1668 366 1733 gresso
390 1655 533 1733 apparet3
570 1652 626 1733 qui
654 1669 721 1713 non
750 1651 845 1713 modo
869 1669 1006 1713 avorum
1029 1650 1151 1713 scelera
1172 1650 1243 1731 luit,
1221 1649 1322 1712 tsed

257 1739 353 1801 etiam
375 1740 513 1822 propriis
536 1739 660 1802 delictis
683 1739 877 1822 implicatur.
923 1739 1076 1802 Attamen
1100 1738 1229 1821 singula
1251 1756 1323 1821 per·

257 1828 379 1910 spicere
402 1827 507 1896 liceat.
547 1862 549 1866 ·

367 1913 453 1980 Dum
478 1916 598 1980 bellum
628 1920 774 1998 paratur,
809 1921 883 1979 ante
918 1915 1051 1980 domum
1085 1916 1206 2000 regiam
1235 1916 1323 1979 Atri-

257 2005 372 2068 darum
409 2005 502 2088 lepus
531 2005 668 2083 gravida
698 2025 717 2067 a
748 2004 876 2068 duobus
914 2005 1032 2088 aquilis
1070 2005 1229 2070 laceratur
1266 2003 1319 2088 (cl.

257 2094 373 2176 Agam.
400 2094 486 2177 110)
533 2092 617 2156 Visu
652 2094 760 2156 anxiis
795 2091 928 2157 (lalcbas
961 2096 1163 2175 vaticinatur,
1197 2093 1324 2156 Troiam

256 2200 315 2265 per
338 2182 420 2246 duos
444 2183 573 2246 Atridas
597 2187 727 2265 captum
750 2182 801 2264 iri,
824 2182 922 2246 simul
945 2188 1054 2247 autem
1070 2188 1252 2247 commonet
1275 2201 1323 2247 vs.

258 2270 321 2332 126
320 2290 410 2382 sq.:

304 2348 373 2424 οἷον
394 2354 441 2467 μή
464 2384 516 2439 τις
538 2350 612 2447 ίίχα
634 2356 780 2427 θεόθεν

302 2444 448 2537 ννεφάσχ
472 2448 639 2560 προτυπὲν
662 2444 802 2531 στόμιον
822 2452 906 2533 μέγα
933 2446 1052 2530 Τροίας

304 2534 507 2621 συραυωθέν.
530 2533 611 2625 οίκιο
635 2535 696 2623 γὰρ
719 2533 949 2626 ἐπίφθονος
966 2533 1093 2625 Αριε1
1093 2562 1147 2615 ιις
1170 2530 1251 2621 ἁγνὰ

303 2629 481 2692 πτανοῖσιν
495 2625 570 2692 κυσί
565 2652 728 2735 παῖρθς,

307 2706 484 2781 66a0a6aov
507 2711 574 2801 πρὸ
600 2711 699 2797 λόχου
720 2710 862 2800 μογερὰν
884 2710 999 2779 πτάκα
1023 2709 1301 2796 θυομένοισιν,

303 2807 412 2887 στυγεῖ
436 2802 472 2869 δὲ
495 2804 630 2869 δεῖπνον
653 2799 782 2869 αἰετῶν.

369 2891 568 2956 Felicissime
600 2900 708 2957 autem
746 2893 778 2955 id
817 2894 1022 2976 praesagium
1058 2893 1229 2954 inventum
1268 2895 1326 2971 est,

261 2982 337 3064 quia
370 2981 417 3044 sic
450 2982 548 3046 simul
570 2980 762 3046 Dianae
753 3001 810 3045 rra
844 3002 863 3045 a
896 2980 1058 3066 prioribus
1081 2982 1183 3061 poetis
1207 2980 1325 3043 tradita

258 3069 459 3136 manifestam
483 3090 612 3135 causam
637 3067 850 3154 accipiebatl2.
897 3068 1001 3133 Simul
1024 3076 1131 3131 autem
1155 3073 1193 3132 ut
1213 3068 1326 3132 Troiae
1420 3082 1423 3087 ·

258 3158 381 3222 fautrix
404 3160 463 3223 dea
486 3167 567 3224 tecto
590 3156 776 3244 invidiam3)
801 3158 963 3243 quandam
998 3161 1096 3239 atque
1129 3157 1325 3242 indignatio-

258 3266 333 3311 nem
358 3249 460 3331 aperit
482 3248 522 3311 ob
556 3251 729 3312 instantem
763 3249 931 3311 interitum
965 3244 1098 3309 dilectae
1133 3246 1233 3327 urbis,
1266 3246 1326 3310 ubi

259 3338 352 3399 varia
391 3336 535 3400 facinora
582 3338 756 3421 praevidet.
823 3335 957 3398 Calchas
994 3336 1092 3417 igitur
1129 3338 1328 3419 perterritus,

262 3443 303 3488 ne
327 3425 428 3488 multo
467 3426 632 3489 crudelius
671 3424 867 3489 sacrificium
902 3422 943 3486 ob
978 3423 1120 3506 leporem
1152 3430 1324 3488 mactatam

258 3514 417 3595 exigatur,
440 3514 533 3578 deam
556 3515 705 3598 implorat
727 3534 775 3579 vs
798 3514 861 3575 129
885 3530 949 3594 sq.:

258 3598 310 3709 μή
328 3625 420 3680 τινας
444 3594 639 3680 ἀντιπνόους
661 3604 808 3679 Δαναοῖς
834 3597 965 3708 χρονίας
1002 3598 1153 3708 ε’χενχδας
1181 3591 1326 3678 ἀπλοίας

259 3685 350 3777 τεύξῃ
396 3688 646 3792 σπεοδὸμενα
691 3687 833 3756 θυσίαν
879 3685 1013 3776 ἑτέραν
1058 3683 1206 3771 ανομόν
1251 3689 1324 3753 τιν’

419 3771 587 3846 adoreon

260 3863 419 3932 νεικέων
450 3871 617 3934 τέκτονα
641 3864 711 3951 uta
688 3890 846 3955 μφοτον
874 3861 915 3932 06
943 3862 1160 3953 δεισήνορα
1183 3860 1327 3953 φωτός,

368 4026 395 4092 l)
415 4025 502 4079 Citavi
521 4026 671 4080 secundum
690 4024 802 4079 alteram
820 4024 965 4080 editionem
986 4025 1016 4079 G.
1035 4022 1193 4078 Hermanni.

363 4095 393 4165 2)
412 4096 453 4149 De
471 4097 560 4151 Diana
579 4099 695 4152 terarum
713 4098 742 4149 et
760 4097 879 4149 maxime
903 4097 1040 4151 nascentis
1059 4094 1142 4164 prolis
1160 4099 1272 4163 patrona
1290 4093 1324 4148 cf.

260 4170 389 4221 venustos
407 4182 504 4222 versus
524 4168 655 4223 131-35.

365 4239 393 4301 3)
411 4237 525 4308 Perapte
544 4256 560 4293 a
579 4238 642 4294 God.
662 4238 817 4293 Hermanno
836 4253 876 4294 vs.
898 4236 947 4291 1211
967 4236 1095 4290 scribitur
1112 4233 1170 4308 ἄγα.
