2967 4800
753 313 796 378 52

242 493 297 557 sed
332 498 502 574 „curarent
535 494 569 557 id
605 493 693 577 quod
724 494 763 556 in
788 494 911 557 vicem
941 496 1103 578 virginis
1126 495 1300 559 oblatum

242 582 543 664 animadverterent,
580 583 774 648 immolaret
828 583 972 647 Achilles
1008 585 1144 667 epistula
1178 583 1301 665 a-Gly·

240 669 463 757 taemnestral)
496 691 654 736 seorsum
704 677 833 755 accepta
876 678 1055 737 commotus
1101 673 1300 757 Iphigeniam

241 761 405 825 abstrahit.
464 760 597 825 Interim
634 780 768 844 „cerva
802 762 904 824 forma
938 764 1079 846 corporis
1113 763 1301 826 admiranda

242 855 331 913 ante
367 851 494 933 ipsam
529 870 635 913 aram
673 851 872 933 intrepida
919 853 1135 916 (1011111311.ίί
1197 850 1300 927 Quam

243 939 355 1003 Graeci
388 939 545 1002 divinitus
579 938 718 1002 oblatam
751 941 812 1002 rati
846 939 1033 1003 sacrificant
1087 940 1167 1005 Tum
1205 941 1301 1024 plane

243 1029 397 1093 serenitas
421 1028 500 1091 caeli
522 1028 605 1091 facta
628 1033 687 1093 est.
726 1028 870 1093 Achilles
894 1048 969 1092 oum
993 1030 1032 1092 iis
1055 1031 1114 1112 qui
1129 1031 1177 1093 rei
1193 1049 1301 1093 sacrae

240 1117 405 1202 praefuere
435 1117 517 1181 clam
545 1136 656 1181 omnes
684 1117 887 1200 Iphigeniam
916 1119 984 1200 regi
1012 1117 1220 1199 Scytharum,
1244 1120 1301 1201 qui

242 1226 280 1271 eo
303 1211 444 1289 tempore
467 1206 587 1288 aderat,
610 1208 886 1274 commendavere.
924 1208 1123 1290 Agamemno
1148 1208 1302 1290 dignitate

242 1315 302 1360 sua
323 1300 452 1378 recepta
475 1300 597 1359 ceteros
620 1297 719 1360 duces
743 1296 783 1358 ad
807 1298 994 1360 convivium
1020 1297 1146 1361 invitat.

346 1383 453 1448 Etiam
484 1384 602 1449 lortius
637 1385 820 1467 deflectunt,
855 1405 937 1469 quae
965 1384 1089 1450 Dares
1113 1387 1246 1468 Phryg.
1274 1405 1301 1448 c.
1390 1419 1393 1425 ,

241 1473 292 1537 XI
315 1493 363 1556 sq.
387 1473 491 1539 tradit.
528 1475 707 1558 Postquam
731 1473 846 1538 Graeci
870 1475 1037 1539 Athenis
1053 1475 1189 1539 classem
1206 1475 1301 1537 colle-

240 1569 366 1645 gerunt,
394 1563 560 1627 oraculum
592 1562 787 1647 Delphicum
812 1563 1056 1627 consulentibus
1078 1564 1301 1648 respondetur,

240 1652 367 1715 Troiam
390 1651 514 1716 decimo
537 1672 621 1715 anno
645 1658 776 1735 captum
799 1653 846 1716 iri.
884 1651 1015 1714 Calchas
1031 1653 1141 1715 eodem
1158 1659 1300 1734 tempore

242 1761 260 1804 a
285 1740 433 1825 Phrygiis
456 1739 596 1824 Delphos
624 1742 745 1805 missus
768 1741 807 1804 ab
831 1741 982 1825 Apolline
1005 1740 1147 1822 iubetur,
1168 1758 1301 1823 graecae

242 1830 456 1914 expeditionis
480 1831 667 1914 participem
689 1829 770 1894 fieri.
818 1829 899 1893 011111
927 1848 981 1892 eos
1004 1831 1069 1892 iam
1093 1830 1300 1911 navigaturos

239 1924 443 2003 tempestates
472 1921 628 2000 retinent,
657 1918 791 1983 Calchas
823 1939 880 2001 per
912 1919 1086 2001 angurium
1118 1917 1299 2001 respondet,

239 2013 276 2072 ut
313 2008 502 2074 Aulidem
542 2010 743 2072 conveniant.
808 2008 873 2072 Ubi
904 2008 1102 2091 Agamemno
1143 2006 1300 2088 „Dianam

239 2099 360 2182 placat‘
391 2136 433 2144 -
468 2119 532 2181 qua
567 2117 602 2162 re
640 2099 774 2160 mimine
813 2098 984 2161 indicatur.
1031 2095 1156 2160 Deinde
1189 2096 1301 2159 classis

240 2188 388 2251 solvitur.
433 2186 620 2271 Iphigeniae
644 2186 839 2251 sacrificium
862 2187 961 2270 igitur
983 2187 1036 2249 hic
1052 2205 1187 2270 prorsus
1205 2186 1301 2248 omis-

243 2296 316 2340 sum
339 2279 394 2340 est.

344 2364 407 2430 Sed
434 2365 487 2429 hio
517 2383 642 2450 semper
669 2364 709 2440 ad
737 2364 907 2427 arbitrium
929 2364 1048 2428 mutari
1069 2367 1202 2448 poterat.
1248 2361 1301 2427 Sic

239 2455 326 2539 apud
359 2456 517 2519 Ptolem.
551 2454 761 2539 Hephaest.
808 2452 975 2517 Westerm.
999 2455 1155 2537 mythogr.
1182 2474 1211 2537 p.
1238 2453 1300 2515 193

240 2549 405 2608 narratum
427 2544 500 2621 11111,
524 2564 566 2608 ex
587 2545 740 2608 vaticinio
762 2542 943 2606 Calchantis
968 2542 1169 2626 iphigeniam
1200 2540 1230 2605 N
1236 2561 1301 2625 ep-

240 2639 334 2705 tuno
358 2634 553 2698 offerendam
567 2634 677 2698 fuisse.
701 2634 938 2716 Agamemnoni
958 2633 1107 2695 renuenti
1130 2632 1302 2714 imperium

239 2723 422 2807 ademptum
446 2728 478 2786 et
500 2723 662 2788 Palamedi
688 2722 840 2785 traditum
875 2718 984 2805 esse2)
1020 2720 1191 2804 Neptunus
1214 2720 1302 2783 vide-

239 2813 314 2876 licet
338 2813 439 2895 aptior
463 2811 642 2893 videbatur,
665 2812 722 2894 qui
745 2811 805 2873 hoc
826 2809 1017 2873 sacrificium
1037 2811 1203 2893 acciperet,
1227 2828 1302 2872 cum

241 2901 353 2965 Graeci
376 2901 463 2964 faust
451 2905 521 2964 turn
544 2902 711 2985 navigium
734 2903 931 2983 expeterent

346 2989 447 3054 Mirae
478 2992 617 3073 ineptiae
653 2989 738 3073 apud
768 2988 856 3051 Tzet
843 2992 940 3051 taem
970 2988 1011 3051 ad
1045 2986 1174 3067 Lycl
1159 2985 1221 3049 183
1255 3005 1301 3070 sq

241 3079 368 3143 obviam
411 3084 497 3143 sunt
474 3078 754 3143 tSacrificium
787 3079 909 3182 ipsum
926 3077 1022 3181 plane
1056 3076 1096 3139 ad
1127 3075 1302 3139 Euhemeri

146 3246 148 3251 Ι
240 3170 372 3232 modum
396 3173 555 3234 narratur.
594 3156 1302 3276 111111111οο1ο1οτὸᾶληι1ὲς11ς1στορίας

239 3258 313 3321 fuit·
287 3250 456 3367 3αρκσος
479 3250 503 3366 ἢ
522 3258 637 3344 ταῦρος
658 3283 679 3344 η
671 3247 873 3362 νραῦῥ)
848 3279 869 3341 η
895 3251 1016 3339 ἔλαφος
1032 3253 1201 3362 διέδραμε
1202 3252 1302 3335 μέσον

241 3339 570 3456 cotrarietatem
597 3347 736 3452 στρατοῦ
764 3367 822 3408 και
850 3346 1055 3449 προσναγαῖς
1077 3344 1134 3409 τοῦ
1155 3338 1304 3426 μάντεως

241 3430 284 3500 τὸ
323 3430 540 3501 διελθὸν
524 3457 653 3501 εκεινο
682 3425 878 3537 ἀναιρεῖται.
932 3424 1104 3542 Irptya'uato
1150 3434 1303 3496 σωθεῖσα

242 3547 351 3634 <papyro
385 3519 525 3633 πρὸς..
499 3520 648 3589 Σκυθίαν
681 3547 738 3589 και
774 3516 934 3610 νηοπόλος
954 3524 1065 3627 Apae‘p
1066 3522 1149 3598 ιιδος
1156 3515 1303 3626 γίνεται

241 3638 298 3722 και
326 3606 445 3703 αφήροι
472 3609 601 3691 πάντας
630 3609 703 3691 τούς
730 3609 836 3677 ἐκεῖσε
863 3612 930 3676 τῶν
954 3602 1166 3698 ‘Ettipcov'
1145 3632 1303 3697 αφικνον-

241 3699 363 3787 μένους
411 3702 536 3767 Similia
565 3703 650 3787 apud
683 3703 822 3766 eundem
846 3701 1123 3783 scriptoremt
1058 3702 1123 3763 Ant
1124 3699 1228 3762 ehem.
1252 3718 1300 3762 vs.

349 4038 375 4105 1)
390 4040 438 4106 Ap.
454 4040 525 4094 Dict.
506 4043 649 4109 tsernper
667 4037 782 4106 legitur,
785 4034 956 4106 ‚Clytemest
961 4031 1022 4087 η’*
1025 4050 1131 4103 ,quam
1149 4032 1281 4087 formam
1273 4049 1302 4085 m

242 4109 335 4179 hugua
346 4109 431 4163 latina
443 4111 578 4166 mehorem
591 4127 658 4176 ease,
681 4081 870 4162 Fleckeisenus
883 4105 918 4160 50
936 4104 1039 4159 Artikel
1057 4107 1106 4159 etc
1126 4122 1151 4173 p.
1172 4104 1205 4158 13
1218 4105 1302 4158 docet.

349 4180 434 4250 1).01
454 4183 523 4236 Dict.
543 4182 612 4237 Oret
631 4198 688 4251 cap.
710 4181 752 4235 19

350 4253 376 4322 3)
395 4252 435 4306 De
453 4254 504 4309 hac
521 4254 669 4308 mutatione
688 4253 721 4307 cl.
741 4248 1011 4306 Wilamowitzinml.
1030 4263 1053 4300 c.
1073 4264 1098 4316 p.
1118 4246 1213 4308 aeui.
