2967 4800
241 505 304 570 quo
329 485 405 548 olim
428 487 575 550 homiues
598 487 726 549 mactati
751 492 907 550 erant-
931 486 1130 575 possiderel).
1175 486 1303 556 Ibidem

239 574 416 657 Procopius
446 576 483 640 B.
507 575 595 639 Pers.
617 573 672 653 1,7
699 575 764 638 duo
787 578 882 639 fana
905 578 945 640 ab
970 578 1104 644 Oreste
1138 579 1303 644 aedificata

240 672 467 727 commemorat
490 664 627 726 alterum
648 660 783 745 Dianae,
803 665 938 729 alterum
956 666 1155 751 Iphigeniae3
1180 670 1227 731 sic
1249 672 1301 733 rel

240 753 299 816 hac
317 752 430 815 ultima
453 757 554 815 aetate
576 752 680 833 prisca
703 759 823 816 natura
845 757 915 819 eius
940 756 1134 838 quibusdam
1159 759 1300 841 vestigiis

241 842 355 906 elucet.
402 840 508 903 Etiam
549 860 632 922 quae
671 840 710 905 de
746 841 867 907 Orestis
905 846 1154 926 migrationibus
1196 867 1302 928 usque

241 931 276 993 in
315 928 533 994 Palaestinam
549 929 747 1012 Syriamque*
765 951 874 996 sorore
904 935 1018 996 comite
1052 935 1183 1016 prolatis
1216 932 1302 1018 apud

240 1018 497 1101 chronographos
514 1017 713 1097 Byzantinos
729 1020 867 1102 legimus
890 1023 1006 1104 partim
1022 1041 1065 1084 ex
1085 1024 1192 1086 studio
1206 1026 1302 1088 aetio-

239 1109 343 1191 logico
354 1104 680 1188 fluxisseput03haec
690 1113 799 1172 tamen
809 1112 842 1173 in
851 1110 916 1174 fine
927 1111 1071 1193 partisH
1080 1115 1301 1193 perstringam.

350 1196 431 1259 Item
454 1195 665 1259 iudicandum
698 1202 747 1260 est
774 1199 813 1261 de
843 1197 1079 1264 narrationibus
1102 1198 1245 1285 Rhegii2)
1259 1209 1301 1264 'et

240 1287 381 1348 maxime
404 1284 490 1365 apud
514 1285 643 1347 Ariciae
677 1286 799 1348 incolas
833 1289 1040 1371 pervulgatis,
1073 1307 1181 1353 cascos
1206 1309 1301 1372 quos-

242 1375 315 1436 dam
339 1369 447 1456 ritus3)
471 1371 510 1435 ab
535 1371 647 1435 Oreste
670 1390 711 1435 ex
734 1372 847 1437 Tauris
872 1378 985 1441 allatos
1009 1396 1087 1442 esse,
1134 1406 1137 1410 ⁴
1167 1391 1170 1395 ·

346 1460 452 1523 Etiam
475 1461 590 1525 fortius
613 1462 859 1544 Agamemno,
896 1464 952 1526 ubi
981 1467 1081 1530 semel
1103 1471 1193 1550 pater
1214 1465 1301 1549 Iphi·
1374 1499 1377 1504 ·

238 1551 351 1632 geniae
385 1549 490 1613 factus
525 1555 581 1631 est,
615 1551 704 1613 vario
739 1552 834 1613 modo
875 1571 949 1614 cum
984 1554 1108 1618 Dianae
1146 1557 1301 1633 religione

239 1637 474 1702 conectebatur.
519 1637 566 1701 Ea
589 1657 640 1701 res
663 1640 812 1720 primum,
845 1645 923 1722 quot
946 1642 1055 1721 sciam,
1089 1642 1175 1723 apud
1202 1642 1300 1703 Theo-

238 1724 397 1810 gnidern4)
422 1726 548 1790 obviam
571 1726 617 1790 fit.
663 1726 742 1790 Mox
765 1733 872 1791 autem
900 1729 952 1792 hic
974 1729 1041 1792 illio
1064 1735 1228 1791 narratum
1253 1737 1302 1792 est

240 1817 516 1899 Agamemnonem
528 1814 650 1880 Dianae
665 1816 785 1898 templa
801 1816 995 1881 condidisse:
1017 1819 1063 1880 sic
1073 1816 1302 1897 Myrrhinunte

239 1903 441 1968 Braurone
465 1903 648 1989 Megaris3
673 1923 734 1968 nec
757 1906 866 1969 minus
888 1908 923 1968 in
947 1907 1025 1970 Asia
1046 1906 1187 1988 Pygelae
1211 1907 1303 1969 etad

240 1994 346 2056 lacum
383 1992 593 2057 Selinusium.
645 1994 746 2057 Plura
779 1996 971 2058 testimoniis
1005 1997 1072 2059 suis
1102 1995 1306 2078 comprobata

239 2084 453 2146 inveniuntur
475 2084 511 2145 in
539 2084 755 2164 disputatione
790 2082 828 2147 E.
864 2083 966 2147 Curtii
1001 2103 1084 2167 quae
1118 2084 1305 2147 inscribitur

240 2173 399 2254 „Artemis
435 2170 558 2254 Gygaia
601 2171 667 2233 und
704 2172 755 2235 die
789 2172 957 2252 lydischen
989 2171 1306 2258 rorstengrabene)

239 2262 294 2324 sed
320 2278 403 2342 quae
426 2262 476 2322 vir
498 2261 704 2323 doctissimus
737 2260 795 2322 hac
827 2262 998 2326 traditione
1030 2264 1121 2326 nisus
1145 2258 1303 2346 protulitt)

240 2349 414 2413 admodum
431 2346 529 2412 dubia
549 2353 637 2412 sunt:
660 2348 860 2432 iphigeniam
885 2352 970 2414 enim
993 2351 1068 2415 inde
1089 2350 1129 2414 ab
1153 2352 1304 2433 origine

240 2459 300 2503 sua
321 2438 548 2521 Pelopidarum
576 2440 687 2520 generi
717 2440 877 2521 propriam
903 2459 973 2503 esse
997 2446 1027 2503 et
1050 2440 1303 2522 Agamemnonis

239 2547 411 2611 personam
434 2546 452 2590 e
475 2528 639 2590 sacerdote
663 2524 788 2589 Dianae
809 2527 965 2608 prodiisse
989 2529 1180 2610 suspicatur.
1228 2524 1303 2606 Om-¹

239 2618 317 2679 nino
352 2621 460 2679 autem
492 2618 650 2678 sententia
684 2614 787 2677 Ourtii
811 2614 979 2697 Pelopidas
1005 2615 1193 2697 antiquitus
1228 2633 1303 2677 cum

239 2706 299 2768 hac
322 2705 381 2768 dea
404 2704 593 2767 coniunctos
617 2704 741 2766 cultum
765 2704 834 2766 eius
850 2705 982 2767 exAsia
998 2705 1031 2765 in
1045 2703 1302 2786 Peloponnesum

239 2794 450 2872 transtulisse,
474 2812 539 2868 non
555 2792 687 2856 retineri
701 2789 844 2876 poterit7)
866 2793 975 2875 itaque
995 2794 1091 2855 etiam
1102 2795 1302 2875 Agamemno

347 3002 373 3073 1)
392 3000 431 3056 Cf.
464 3002 515 3055 Dio
535 3000 607 3056 Cass.
625 3002 725 3055 XXXV
756 3003 799 3056 11.
843 3002 962 3056 Omnino
993 3002 1121 3069 reliquiae
1151 3002 1301 3066 temporum

239 3074 500 3199 gergicrffimssgunc
530 3074 558 3127 in
590 3089 689 3142 magua
720 3074 882 3128 auctoritate
920 3076 1002 3130 erant.
1045 3070 1085 3126 Cf.
1110 3070 1304 3124 'miculaender

346 3217 373 3284 2)
391 3215 430 3268 ef.
450 3214 636 3269 Schneidewin
649 3214 689 3267 De
702 3215 790 3268 Diana
802 3214 969 3268 Phacelitide
981 3217 1009 3268 et
1022 3213 1117 3267 Oreste
1138 3214 1208 3281 apud
1229 3212 1300 3265 Rhe-

242 3304 329 3356 ἔωθε·
348 3285 741 3426 3lG⁰CtAmrpgriagggt21¹abop239
760 3356 793 3409 de
811 3355 892 3409 sacris
912 3354 1016 3408 Ariciae
1034 3354 1130 3408 tradit:
1150 3361 1191 3406 aaz
1209 3339 1260 3425 Ῑμὶρ
1275 3375 1301 3404 τι

241 3426 447 3499 βαρβαρικὸν
465 3434 558 3498 κρατεῖ
572 3434 614 3479 καὶ
632 3425 808 3481 Σκυθικόν.

346 3499 374 3568 4)
392 3500 440 3551 Vs.
460 3499 492 3551 ll
512 3514 552 3566 sq.
571 3498 618 3556 Β.;
642 3497 746 3567 Ἄρτεμι
764 3494 917 3579 θηροφόνη,
948 3493 1066 3568 θύγατερ
1085 3494 1151 3561 Διός,
1179 3491 1300 3564 {astya-

239 3577 346 3638 uejaacov
366 3600 399 3608 —
420 3567 515 3636 εἴωθ’,
545 3566 585 3622 ὅτ’
612 3575 637 3623 ἐς
660 3575 755 3639 Τροίην
773 3567 845 3623 Aaron
863 3576 938 3634 appol
957 3571 1045 3623 θοαῖς.
1091 3565 1131 3620 De
1150 3565 1247 3618 Aulide
1265 3565 1298 3620 ci.

242 3643 321 3695 etiarn
342 3641 444 3695 Gallim.
465 3642 496 3696 ir.
516 3642 550 3695 76
569 3656 629 3693 curn
648 3640 737 3693 adnot.
756 3638 920 3694 Schneideri.

347 3713 374 3772 5)
391 3712 475 3765 Arch.
494 3711 533 3764 Zt.
553 3710 630 3765 1853.
650 3727 675 3778 p.
696 3712 747 3768 148
766 3727 804 3779 sq.

348 3783 374 3850 6)
393 3783 549 3836 Novissime
567 3783 648 3835 etiam
668 3780 743 3836 Stud.
763 3799 786 3835 z.
806 3781 902 3834 Gesch.
922 3781 968 3833 der
986 3782 1087 3832 Artem.
1108 3795 1132 3846 p.
1148 3777 1299 3834 1181-83.

348 3854 373 3923 7)
392 3853 554 3906 Praesertim
574 3868 635 3906 curn
648 3851 739 3907 tabula
757 3853 790 3906 de
804 3850 902 3920 Pelope
912 3856 939 3904 et
947 3849 1053 3904 Tantali
1071 3850 1125 3903 filio
1144 3856 1171 3901 et
1188 3865 1224 3902 ex
1234 3849 1300 3901 Asia

241 3925 414 3992 immigrante
441 3924 583 3978 recentiori
614 3924 721 3976 demum
756 3924 871 3990 tempori
904 3922 1045 3975 tribuenda
1071 3921 1115 3974 sit.
1150 3920 1184 3976 cf.
1204 3919 1298 3972 Grote·

243 3995 354 4049 Fischer
372 3994 417 4049 Gr.
436 3998 499 4049 Ant.
518 3994 594 4048 1143
623 3999 649 4047 et
667 3995 813 4048 novissime
833 3994 864 4048 0.
883 3993 996 4046 Kramer
1022 3993 1062 4045 De
1080 3990 1189 4059 Pelopis
1209 3990 1300 4044 fabula

243 4065 331 4122 Berol.
354 4066 422 4120 1883
441 4067 566 4134 inprimis
584 4083 610 4135 p.
630 4066 725 4120 7-10,
766 4065 890 4119 Ceterum
910 4064 1112 4117 fundamentum
1132 4060 1301 4116 coniecturae

242 4153 258 4191 a
277 4137 367 4192 Curtio
386 4136 504 4205 prolatae
524 4141 566 4191 est
584 4136 632 4190 illa
650 4137 784 4191 sententia
801 4136 853 4188 viri
875 4134 1050 4188 illustrissimi
1069 4134 1147 4187 lones
1165 4135 1218 4187 iam
1238 4136 1300 4187 ante

243 4209 360 4264 colonias
378 4209 407 4261 iu
426 4207 520 4262 Asiam
540 4209 670 4262 deductas
688 4207 726 4261 ibi
746 4207 891 4262 habitasse.

1467 814 1469 907 l

1454 1042 1469 1488 l
