2967 4800
769 296 811 360 28

255 491 354 534 manu
400 474 570 556 coniugem
612 481 701 541 veste
747 482 857 548 dolosa
907 482 1119 559 constrictum
1170 481 1317 546 trucidat.

255 559 412 635 Quamvis
436 561 524 626 illam
547 569 578 628 et
601 568 800 635 conscientia
817 576 936 658 proprii
954 570 1103 638 adulterii
1126 575 1157 632 et
1173 571 1322 653 coniugis

254 648 387 732 perfidia
410 651 531 733 incitet,
554 660 661 717 tamen
684 675 751 720 non
774 665 883 726 minus
899 665 1097 727 momentum
1121 657 1207 721 filiae
1223 660 1322 722 sacri·

254 737 327 802 ficio
350 737 391 801 ab
415 738 576 819 Aeschylo
599 742 757 812 tributum
792 756 853 814 est
872 750 923 835 (ci.
949 772 996 815 vs.
1026 749 1111 813 1373
1135 768 1194 831 sq„
1226 748 1322 827 1394,

256 829 339 891 1491
365 828 438 912 sq.).
485 827 555 903 Quo
589 830 697 897 fitut
730 836 984 919 Clytaemnestra
1019 838 1148 903 divinae
1180 838 1321 900 institiae

256 936 390 980 munere
413 916 503 1001 fungi
527 920 674 985 videatur
696 921 749 1007 (cf.
769 948 817 991 vs.
839 930 923 991 1465
948 927 1020 1012 sip).

367 1005 484 1069 Fusius
500 1007 547 1071 de
570 1009 629 1072 hac
652 1017 815 1097 tragoedia
827 1018 979 1101 Aeschyli
1003 1016 1175 1079 dicendum
1200 1015 1321 1098 putavi,

257 1096 333 1177 qnia
356 1096 407 1158 hic
425 1094 515 1176 apud
538 1103 662 1162 veteres
687 1106 817 1186 quidem
842 1125 884 1170 ex
908 1106 1069 1182 omnibns,
1095 1123 1179 1188 quac
1196 1111 1322 1167 servata

257 1190 343 1259 sunl,
367 1183 476 1246 fabula
509 1192 620 1251 nostra
655 1211 673 1252 a
708 1200 802 1275 poeta
824 1196 1065 1279 religiosissimo
1088 1194 1172 1256 inter
1195 1193 1323 1274 culpam

257 1272 482 1336 hereditariam
506 1280 603 1358 atque
625 1277 728 1342 fatum
753 1283 911 1365 divinum,
934 1283 1033 1348 simul
1056 1287 1164 1345 autem
1185 1280 1322 1343 liberam

255 1362 454 1424 voluntatem
477 1366 577 1443 patris
601 1366 754 1433 collocata
779 1372 978 1436 uberrimum
1001 1370 1146 1435 fructum
1170 1370 1253 1433 tulit.

369 1448 486 1518 Contra
518 1453 558 1515 dc
590 1460 756 1522 ceteris
787 1462 941 1541 Aeschyli
964 1462 1113 1544 operibus
1137 1461 1201 1521 huc
1223 1460 1322 1540 perti·

256 1538 406 1603 nentibus
429 1540 562 1605 minimo
597 1552 688 1609 const
708 1554 730 1611 t.
785 1548 868 1612 Nam
902 1568 999 1632 qnam
1027 1546 1241 1623 Welckerusll
1265 1549 1321 1608 tri·

256 1627 373 1710 logiam
409 1629 595 1711 Iphigeniae
628 1633 693 1697 fata
728 1639 928 1719 complexam
962 1637 1023 1700 sibi
1058 1634 1245 1710 aedificavit,
1279 1653 1321 1695 ex

255 1716 359 1798 ipsius
382 1723 489 1781 mente
512 1719 684 1785 admodum
708 1727 833 1807 poetica
857 1728 1013 1809 originem
1038 1725 1174 1788 traxisse
1198 1722 1237 1785 ab
1254 1741 1321 1784 om·

255 1804 353 1869 nibus
377 1808 573 1870 conceditur.
1211 1825 1217 1833 ·

363 1895 516 1960 Fabulam
540 1889 666 1983 Ἱέρειαι
693 1903 882 1985 inscriptam
910 1903 956 1978 (fr.
990 1904 1030 1965 81
1044 1902 1122 1964 -83
1150 1899 1206 1982 Ν.)
1235 1898 1322 1962 Wol-

255 1984 374 2049 clerus
410 1986 450 2049 de
484 1987 652 2069 Iphigenia
687 1991 841 2055 Aulidem
876 1994 1028 2056 arcessita
1062 2009 1155 2074 agere
1179 1988 1321 2064 volebat3

212 2142 216 2148 ,
257 2075 313 2137 sed
337 2074 605 2138 Wilamowitzius
628 2077 646 2138 1.
660 2098 725 2161 cp.
740 2081 805 2142 254
828 2087 913 2144 recte
936 2081 1071 2161 monuit,
1094 2083 1321 2162 argumentum

259 2164 329 2228 eius
353 2165 487 2226 omnino
509 2166 657 2246 ignotum
692 2186 772 2231 esse.
797 2206 838 2215 -
866 2164 1103 2252 Θαλαμοποιοί
1125 2167 1176 2251 (fr.
1203 2167 1243 2228 73
1267 2164 1320 2250 N.)

257 2260 364 2317 autern
389 2271 455 2314 non
491 2253 530 2315 ad
561 2256 691 2337 nuptias
726 2259 903 2339 simulatas,
936 2259 992 2322 sed
1027 2256 1191 2320 Danaidas
1215 2256 1321 2338 potius

258 2343 416 2427 pertinere
440 2341 603 2406 videntur.

364 2433 513 2495 Attamen
536 2432 737 2516 Iphigeniam
761 2435 800 2498 ab
825 2437 986 2516 Aeschylo
1009 2437 1137 2519 propria
1159 2433 1322 2515 tragoedia

257 2526 425 2585 tractatam
438 2539 516 2599 esse,
529 2522 620 2585 docet
632 2525 745 2588 titulus
756 2517 981 2610 Ἰφιγένεια,
997 2524 1148 2606 adquam
1165 2522 1219 2584 ille
1234 2540 1321 2584 unus

259 2629 372 2673 versus
391 2614 537 2672 servatus
554 2616 614 2673 est:
641 2603 730 2677 oinct
749 2611 872 2696 γυναιξὶ
891 2613 942 2676 dei
958 2607 1180 2691 κυδάζεσθαι·
1198 2605 1232 2674 τί
1247 2603 1323 2694 peip,-

256 2697 307 2783 (fr.
324 2700 366 2761 89
377 2697 409 2761 N
411 2697 446 2783 .);
460 2697 652 2763 Welckcrus
664 2699 746 2764 Mus.
755 2700 857 2766 Rhen.
871 2701 900 2760 V
913 2701 977 2763 456
995 2720 1069 2764 eum
1086 2718 1127 2763 ex
1139 2699 1323 2782 Iphigeniae
1436 2701 1441 2707 '

259 2790 402 2851 oratione
425 2787 631 2869 desumptum
655 2789 794 2871 putabat,
818 2790 848 2854 J.
875 2786 1044 2868 Schmidt2)
1068 2808 1110 2852 ex
1135 2786 1252 2852 Ulixis
1288 2785 1322 2849 Si

260 2878 391 2940 omnino
421 2877 566 2939 conicere
601 2877 691 2953 velis,
726 2879 782 2941 illa
816 2879 914 2943 verba
948 2877 1187 2961 Agamemnoni
1220 2877 1322 2958 magis

259 2971 331 3048 apta
355 2965 508 3028 videntur
531 2965 571 3027 ad
595 2986 731 3030 uxorem
756 2967 911 3031 sacrificio
940 2969 1141 3031 resistentem
1166 2982 1322 3028 converso

260 3059 292 3117 et
315 3055 501 3132 demoranti,
515 3072 549 3116 sc
573 3074 591 3117 a
613 3055 742 3119 feminis
766 3076 832 3119 non
847 3057 943 3119 illudi
960 3054 1085 3118 debere.
1133 3052 1321 3116 Weloherus

261 3143 302 3206 ad
354 3146 438 3205 hano
489 3141 630 3206 fabulam
684 3145 917 3208 restituendam
971 3144 1115 3205 maxime
1159 3143 1199 3206 iis
1245 3160 1327 3205 usus

260 3238 317 3313 est,
342 3233 481 3314 quaein
506 3231 749 3313 Agamemnone
765 3234 882 3296 chorus
899 3232 1126 3294 communicat:
1153 3250 1247 3314 quem
1273 3232 1325 3293 hic

260 3341 301 3384 ex
331 3319 469 3384 ducibus
504 3319 700 3384 Graecorum
736 3324 947 3404 compositum
983 3320 1084 3384 fuisse
1119 3322 1203 3398 vult3
1239 3319 1326 3402 Iphi-

259 3412 387 3492 geniam
400 3408 679 3492 Agamemnoniae
692 3411 806 3473 domus
828 3411 926 3473 decus
939 3415 1035 3492 atque
1047 3409 1178 3473 delicias
1190 3427 1326 3490 magnae

260 3501 386 3561 animae
410 3498 576 3580 prodigam
610 3499 748 3562 libenter
781 3518 837 3581 pro
872 3499 970 3581 patris
1005 3499 1190 3581 patriaeque
1223 3496 1325 3560 salute

261 3593 396 3650 mortem
421 3583 571 3653 subiisse.
617 3587 820 3670 intellegitur
844 3588 1002 3650 eaomnia
1025 3589 1177 3649 maiorem
1202 3591 1325 3667 partem

262 3677 395 3759 pulchre
419 3678 552 3739 inventa
574 3695 651 3739 esse.
699 3675 790 3740 Certe
814 3675 880 3738 filia
903 3677 991 3759 regia
1014 3676 1171 3737 cothurno
1194 3692 1325 3757 respon·

260 3766 317 3846 dit,
341 3766 394 3828 sed
433 3783 514 3848 quae
549 3767 582 3827 in
607 3768 851 3848 Agamemnone
880 3765 1027 3848 legimus,
1050 3764 1231 3840 ostendunt,
1255 3782 1323 3825 eam

262 3874 327 3916 non
352 3873 449 3936 snpra
472 3853 612 3918 hominis
635 3860 666 3917 et
688 3854 826 3917 feminae
849 3859 999 3917 naturam
1023 3853 1141 3915 elatam
1167 3852 1275 3914 fuisse.

263 4117 268 4122 ⁴
371 4104 399 4172 1)
418 4099 547 4168 Inprimis
566 4099 694 4169 Aeschyl.
714 4100 811 4170 Trilog.
836 4099 889 4153 408
908 4114 950 4167 sq.
968 4097 1079 4152 Nachtr.
1101 4114 1124 4150 z.
1144 4097 1240 4151 Aesch.
1261 4095 1324 4149 rril.

266 4172 315 4229 158
335 4189 377 4245 sq.
412 4171 465 4225 Rh.
486 4169 552 4224 Mus.
570 4170 596 4222 V
616 4171 667 4224 447
688 4188 727 4240 sq.

370 4244 396 4318 2)
416 4242 460 4297 Ul.
480 4242 609 4310 posthom.
628 4260 655 4312 p.
674 4243 697 4298 9.

1469 3769 1470 3816 l

1469 3865 1470 3922 l

1467 4253 1471 4300 1

1469 4397 1470 4448 1
